4366 5630
1108 380 1150 445 10

270 580 375 666 ipsum
396 577 545 661 uersauit,
571 597 665 662 quem
687 577 744 643 illa
765 583 871 644 aetate
893 577 1025 644 multum
1046 577 1222 644 lectitatum
1244 599 1317 646 esse
1339 587 1473 666 mustat,
1503 581 1589 648 baud
1611 582 1783 666 ignobilem
1805 583 1989 670 scriptorem

271 701 343 748 eum
369 679 468 746 luisse
495 681 585 747 nouit
611 701 651 746 ex
672 681 772 765 Liuio,
806 689 841 747 ut
864 674 937 746 nod
959 679 1078 746 addere
1100 701 1372 766 supemacrmeum
1394 690 1494 768 esset3
1527 684 1664 770 denique
1685 706 1728 753 nc
1754 685 1835 752 dixit
1862 687 1989 771 quidum

269 785 457 850 Plutarchus
481 784 625 850 Clodium
655 804 747 850 suum
772 804 955 868 regressum
981 804 1046 848 non
1072 803 1145 850 esse
1171 784 1255 850 ultra
1282 786 1408 852 cladem
1435 787 1599 872 Gallicam,
1632 789 1690 854 sed
1724 790 1884 856 inuectum
1916 810 1989 856 eum

270 909 344 956 esse
366 889 399 954 in
420 887 515 954 fidem
537 895 809 954 monumentorum
831 887 1128 971 antiquissimorum,
1151 894 1246 971 atque
1269 895 1325 954 aut
1346 896 1430 956 totus
1453 889 1546 956 fallor
1567 896 1623 957 aut
1644 911 1684 957 ea
1704 892 1778 976 ipsa
1798 893 1988 960 Plutarchus

270 1012 354 1076 quae
375 991 436 1058 hoc
458 991 559 1076 primo
584 992 689 1076 capite
711 991 862 1076 disputat,
889 996 925 1056 ut
945 989 1060 1056 refutet
1081 991 1242 1075 uolgatum
1265 993 1455 1077 opinionem,
1483 1013 1547 1076 qua
1576 992 1764 1060 credebatur
1784 995 1987 1079 Pythagorae

270 1096 396 1162 auditor
423 1095 522 1162 fuisse
548 1093 662 1178 Numa,
693 1094 829 1179 sumpsit
858 1114 898 1159 ex
929 1092 1050 1160 Clodio.
1082 1091 1152 1160 fons
1179 1099 1264 1160 certe
1291 1097 1360 1162 eius
1387 1097 1474 1162 uitae
1500 1096 1669 1180 primarius
1695 1097 1780 1164 hanc
1806 1099 1987 1184 opinionem

271 1206 399 1265 secutus
423 1207 499 1282 erat,
522 1219 617 1282 quam
639 1198 736 1264 ctiam
757 1198 946 1264 Plutarchus
968 1198 1122 1263 inmemor
1143 1195 1348 1264 dubitationis
1370 1218 1466 1282 quarn
1487 1199 1577 1266 initio
1599 1201 1685 1266 uitae
1700 1209 1851 1288 mouerat,
1873 1209 1988 1287 postea

270 1302 477 1368 lucrationis
506 1309 646 1368 tenorem
672 1301 802 1386 recepit.
826 1301 864 1368 ol.
886 1301 926 1366 de
947 1301 1031 1366 Plut.
1051 1299 1126 1365 sont
1147 1321 1179 1384 p.
1204 1303 1274 1369 163.
1320 1299 1414 1366 Adde
1444 1301 1528 1384 quod
1556 1302 1585 1368 si
1607 1303 1737 1368 Clodius
1765 1304 1929 1370 Plutarchi
1955 1311 1988 1369 et

271 1404 423 1470 Claudius
438 1405 579 1489 Appiani
594 1403 697 1469 eidem
719 1411 801 1486 sunt,
816 1403 890 1469 huic
906 1403 1017 1469 Clodio
1032 1421 1224 1487 praenomen
1246 1401 1304 1468 luit
1318 1404 1411 1470 Pauli
1431 1401 1509 1489 (uid.
1522 1402 1626 1490 infra),
1637 1404 1849 1490 Quadrigaric
1865 1406 1982 1486 Quinti.

355 1507 501 1590 Denique
523 1507 613 1572 multi
636 1507 695 1572 uiri
718 1506 803 1572 docti
828 1504 1012 1572 laborarunt
1032 1507 1066 1571 in
1088 1501 1207 1590 Παύλῳ
1229 1507 1356 1573 nomine
1380 1505 1428 1593 (4)
1451 1505 1612 1573 mutando.
1662 1506 1986 1592 Schweighaeuserus

271 1611 355 1676 enim
378 1609 506 1694 scripsit
527 1605 646 1692 Κοΐντῳ
668 1610 721 1675 uel
743 1607 991 1694 Κουαὸριγαρίῳ
1019 1608 1073 1692 (cf.
1096 1609 1163 1674 eius
1186 1616 1342 1676 comment
1365 1630 1396 1694 p.
1421 1609 1506 1696 172),
1534 1610 1757 1676 Lachmannus
1792 1611 1848 1694 (de
1869 1611 1890 1678 s.
1913 1613 1949 1678 1.
1971 1613 1987 1676 l

269 1734 302 1796 p.
324 1715 367 1779 36
389 1711 434 1798 n.)
457 1709 603 1797 Πουβλίῳ
626 1713 678 1778 uel
700 1709 837 1798 Ποπλίῳ,
859 1713 1053 1777 Hullemann
1074 1709 1138 1793 (,de
1151 1712 1251 1778 Paulo
1266 1713 1321 1796 qui
1342 1711 1441 1778 lertur
1456 1713 1601 1780 Claudio‘
1615 1735 1647 1798 p.
1662 1711 1697 1799 4)
1720 1713 1904 1799 Πωλίωνύ)
1927 1714 1987 1782 sed

271 1815 569 1898 Schweighaeuseri
596 1815 809 1882 coniecturam
837 1815 933 1880 etiarn
960 1816 1074 1880 falsam
1102 1834 1173 1881 esse
1195 1835 1236 1880 eu
1264 1816 1311 1880 eis
1340 1835 1423 1898 quae
1450 1836 1548 1901 supra
1574 1816 1782 1882 disseruimus
1810 1817 1986 1903 adparebit,

279 1928 311 1984 et
333 1939 416 2003 quae
431 1917 491 1984 hos
508 1939 605 1984 eausa
621 1919 757 1985 adduxit
770 1927 805 1985 ut
818 1920 910 1985 Pauli
925 1938 1040 1985 nomen
1055 1925 1261 2000 remunerent,
1283 1917 1373 1983 nulla
1387 1925 1445 2002 est,
1461 1939 1532 1984 cum
1547 1919 1644 1984 etiam
1658 1919 1777 1985 Paulus
1792 1939 1986 2004 praenomen

271 2021 366 2088 buerit
387 2021 473 2106 apud
494 2023 664 2104 Romanos,
688 2041 881 2105 quamquam
901 2042 966 2087 nou
987 2022 1020 2086 in
1042 2021 1177 2087 usitatis.
1200 2027 1235 2086 ut
1256 2021 1391 2086 occurrit
1411 2021 1503 2086 nobis
1518 2021 1551 2086 in
1566 2021 1697 2086 denario
1712 2023 1831 2088 Paulus
1845 2021 1985 2107 Lepidus

270 2125 350 2189 Libo
373 2125 569 2206 (Mommsen,
593 2124 627 2191 C.
652 2125 676 2188 l.
698 2125 733 2190 L.
756 2126 772 2188 Ι
794 2144 834 2194 no
871 2123 958 2208 473),
981 2123 1100 2188 Paulus
1123 2123 1241 2188 Fabius
1263 2124 1296 2187 in
1317 2125 1408 2189 titulo
1431 2126 1503 2191 799.
1526 2125 1564 2189 cf.
1580 2123 1764 2207 Mommsen,
1788 2147 1868 2193 mus.
1883 2126 1986 2190 Rben.

270 2226 565 2312 msspfflff

356 2327 444 2394 Nihil
466 2330 561 2412 igitur
583 2337 667 2394 certo
690 2328 730 2394 de
752 2327 841 2394 hisce
856 2327 998 2394 Claudiis
1021 2329 1074 2394 uel
1089 2326 1208 2392 Clodiis
1231 2333 1369 2392 statuere
1385 2327 1552 2412 potuimus,
1576 2329 1634 2395 sed
1654 2331 1839 2414 plemmque
1860 2331 1903 2396 ad
1918 2351 1989 2397 eum

270 2433 366 2496 linem
381 2431 593 2516 peruenimus,
617 2438 651 2495 ut
666 2450 722 2496 eos
738 2432 793 2514 qui
808 2451 906 2516 saepe
929 2430 1052 2496 confusi
1074 2438 1147 2495 sunt
1168 2429 1380 2496 secernendos
1404 2449 1476 2496 esse
1498 2429 1721 2514 inueniremus,
1743 2439 1839 2516 atque
1855 2434 1989 2500 Claudio

271 2531 482 2615 Quadrigario
505 2534 622 2599 nullius
645 2553 718 2598 esse
739 2533 905 2599 addendas
929 2533 1102 2616 relliquias.
1125 2533 1165 2598 ‹le
1186 2533 1300 2597 ceteris
1322 2532 1390 2596 ueri
1411 2533 1514 2598 simile
1529 2533 1595 2615 luit,
1619 2541 1651 2598 et
1665 2534 1828 2602 Plutarchi
1843 2535 1988 2602 Clodium

271 2634 319 2718 (3)
342 2645 438 2718 atque
459 2634 600 2719 Appiani
621 2633 789 2701 Claudiurn
816 2634 865 2720 (4)
888 2634 1024 2700 eundem
1054 2653 1136 2717 esse,
1164 2641 1196 2699 et
1217 2635 1361 2700 Clodium
1383 2635 1527 2701 Licinum
1548 2635 1619 2700 Liui
1641 2634 1689 2721 (2)
1712 2637 1906 2722 Suetonique
1928 2635 1986 2723 (5).

272 2757 327 2804 cur
338 2738 419 2804 alios
436 2736 708 2822 coniungeremus,
722 2739 811 2804 nulla
821 2739 881 2803 fuit
895 2745 982 2803 certa
994 2757 1101 2818 causa,
1113 2757 1215 2820 neque
1226 2737 1511 2821 contemplantibus
1521 2738 1623 2821 nobis,
1636 2739 1813 2822 quindecim
1826 2739 1987 2823 Claudios,

271 2847 394 2926 septem
416 2839 546 2907 Clodios
569 2840 739 2905 Baebrium
760 2841 793 2905 in
815 2840 918 2924 Pauly
946 2840 1067 2923 enoyol.
1090 2840 1122 2904 Il
1142 2862 1173 2924 p.
1195 2842 1258 2906 427
1281 2860 1350 2923 sqq.
1373 2861 1404 2923 p.
1427 2842 1492 2906 464
1514 2859 1584 2925 sqq.
1612 2861 1825 2926 enumerasse,
1855 2863 1987 2926 quorum

270 2945 399 3010 nomina
420 2943 508 3009 libris
537 2943 707 3006 maximam
730 2949 851 3026 partem
873 2942 1015 3028 pedestri
1036 2942 1178 3008 oratione
1200 2941 1387 3026 conscriptis
1409 2942 1583 3026 innotuere,
1605 2942 1718 3009 mirum
1738 2944 1904 3028 uidebitur,
1927 2945 1985 3010 bos
2045 2959 2048 2964 ·

270 3047 409 3130 quinque
431 3045 600 3129 scriptores
622 3044 765 3110 eiusdem
786 3045 923 3111 nominis
943 3045 1025 3110 inter
1046 3064 1082 3110 se
1104 3044 1247 3111 diuersos
1269 3065 1351 3112 esse.
1708 3099 1710 3104 ,
1948 3127 1952 3135 ⁸

355 3150 392 3212 ln
422 3147 501 3232 ipsis
532 3147 748 3230 relliquiarum
780 3148 885 3213 uerbis
918 3147 1124 3214 recensendis
1157 3149 1354 3233 conplurium
1390 3149 1526 3215 uirorum
1560 3149 1722 3216 doctorum
1755 3149 1883 3216 adiutus
1916 3170 1986 3216 sum

268 3251 468 3334 liberalitate,
484 3250 606 3334 quibus,
622 3251 737 3334 siquid
749 3253 865 3318 rectius
880 3273 901 3317 a
916 3272 966 3316 me
981 3272 1076 3335 quum
1089 3258 1183 3317 antea
1198 3251 1317 3318 facturn
1337 3258 1387 3318 est
1398 3253 1600 3318 constitutum
1616 3259 1675 3334 cst,
1691 3251 1768 3318 solis
1780 3252 1875 3318 tribui
1889 3252 1985 3318 uelim

270 3356 454 3440 gratiasque
477 3374 539 3438 ago
562 3373 658 3436 quam
680 3355 846 3420 maximas.
861 3354 1060 3420 Martinus
1083 3355 1167 3419 enim
1187 3354 1308 3432 Hertz
1329 3375 1386 3440 pro
1410 3355 1527 3421 eximia
1549 3375 1613 3438 qua
1626 3353 1714 3419 louet
1727 3353 1862 3419 aliorum
1879 3353 1987 3420 studia

269 3456 463 3542 philologius
484 3457 708 3522 beneuolentia
729 3457 819 3526 Rud.
840 3457 1043 3543 Pciperum
1066 3457 1201 3524 amicum
1223 3479 1263 3524 ex
1285 3457 1443 3523 thesauris
1467 3455 1626 3523 Gallionis
1655 3456 1841 3542 depromere
1868 3477 1985 3543 passus

270 3567 321 3624 est
352 3580 434 3643 quae
461 3558 504 3624 ad
530 3558 708 3642 fragmenta
736 3553 914 3625 Claudiana
936 3581 956 3625 a
979 3560 1083 3628 Gellio
1116 3567 1243 3626 seruata
1274 3560 1492 3626 adnotauerat.
1537 3560 1577 3626 G.
1598 3559 1713 3625 'Philo
1742 3579 1793 3625 me
1821 3560 1987 3625 certiorem

184 3723 187 3728 ,
269 3660 345 3726 fecit
366 3662 406 3727 de
428 3663 592 3748 scripturis
615 3662 758 3728 codicum
780 3662 1004 3728 Seruianorum
1026 3662 1062 3729 ir.
1086 3665 1136 3728 31.
1159 3663 1210 3730 52.
1233 3665 1283 3730 92.
1327 3661 1362 3728 O.
1384 3662 1682 3746 Zangemeister
1704 3662 1745 3728 de
1767 3662 1877 3729 codice
1892 3661 1986 3728 Orosi

269 3764 482 3831 Laurentiano
515 3763 608 3852 (plut.
638 3768 687 3858 tib,
718 3767 749 3848 1)
783 3786 868 3831 saec.
896 3764 1067 3830 Vl-VIII
1098 3765 1234 3830 omnium
1266 3765 1541 3849 praestantissimo
1574 3766 1612 3832 ir.
1645 3768 1698 3831 68.
1729 3768 1779 3831 69.
1807 3766 1858 3832 84.
1901 3764 1985 3830 Noni

270 3865 397 3932 codices
416 3887 440 3931 a
461 3889 512 3934 me
533 3870 604 3955 ipso
627 3867 742 3936 conlati
763 3875 837 3934 sunt
858 3867 942 3934 hice:

356 3971 384 4033 1.
407 3968 509 4034 codex
523 3971 755 4038 Laurentianus
777 3972 923 4055 plut.48,
940 3975 968 4054 1,
992 3970 1081 4035 cuius
1104 3969 1174 4036 libri
1195 3975 1259 4034 tres
1280 3969 1401 4053 priores
1424 3988 1509 4034 suec.
1529 3969 1585 4052 Xl,
1609 3967 1706 4033 ceteri
1728 3987 1813 4035 saec.
1836 3967 1897 4033 XV
1913 3927 1985 4035 esse

272 4070 394 4138 exarati
415 4069 571 4138 uidentur.
604 4074 645 4140 dc
667 4075 727 4140 boo
750 4073 869 4158 codice,
901 4073 941 4138 de
964 4068 1053 4138 cuius
1081 4078 1186 4138 tamen
1213 4071 1376 4155 scripturis
1406 4071 1447 4136 de
1470 4070 1596 4138 silentio
1624 4069 1770 4135 concludi
1791 4071 1874 4154 nolo,
1903 4071 1985 4136 alias

268 4173 411 4259 pluribus
434 4193 540 4256 agam.

305 4381 311 4394 .
333 4381 339 4394 Ι
362 4317 379 4378 1)
395 4279 572 4392 ῌιιίξοωιιῇ
584 4306 735 4363 litterarum
761 4310 933 4395 potissimum
957 4309 1136 4393 similitudine
1164 4309 1200 4364 ad
1224 4307 1407 4390 coniecturam
1431 4322 1510 4362 suam
1533 4307 1633 4372 ductus
1660 4307 1803 4363 Claudium
1827 4307 1984 4390 Pollionem,

269 4379 1232 4518 tlttllttrlltlt..stultattlt,tttrtlttt
1248 4377 1586 4516 llllrttdlb
1602 4376 1985 4528 blttlltatlttlllt

270 4533 333 4573 csse
351 4519 536 4602 arbitraretur,
563 4533 635 4572 uana
652 4522 703 4586 est,
730 4518 813 4573 etiarn
831 4536 873 4590 ea,
898 4535 969 4588 quac
988 4520 1052 4575 inde
1069 4521 1243 4590 conliguntur
1260 4517 1424 4585 dilabuntur,
1443 4532 1532 4584 neque
1550 4531 1649 4587 operae
1666 4523 1783 4587 pretium
1802 4521 1845 4570 cst
1862 4531 1896 4570 ea
1913 4529 1984 4583 quac

269 4587 837 4742 cxcogppaqqnplqrerppsopcgqqupq'etiam
855 4671 949 4712 eorum
967 4657 1123 4713 coniectura
1143 4655 1288 4745 admodum
1306 4626 1396 4739 'dubia
1420 4655 1486 4740 mihi
1509 4655 1626 4738 uidetur,
1650 4654 1698 4722 qui
1715 4655 1758 4717 (ut
1774 4653 1889 4735 llucller
1905 4652 1933 4705 in
1951 4649 1984 4705 fr.

269 4727 518 4866 {stertuit
531 4725 1158 4864 tritrlttttlttlltlltlllr..
1172 4723 1985 4876 titttltt1l¹ltt.⁰⁰ltllrt.l.tt.¹lll¹tuot

269 4867 393 4924 clodium
411 4872 503 4922 autem
521 4866 661 4922 Plutarchi
679 4865 796 4922 cundem
813 4879 876 4920 esse
893 4868 952 4922 ucri
970 4866 1136 4922 simillimum
1153 4866 1232 4922 nobis
1249 4868 1340 4923 uisum
1357 4872 1401 4922 est
1418 4871 1500 4934 atquc
1517 4865 1634 4921 Paulum
1651 4863 1795 4920 claudum
1811 4862 1940 4930 Appiam.
