4366 5630
1158 396 1197 462 16

321 591 474 678 flagitium
501 590 623 658 ciuitati
649 589 807 677 adcidcre,
840 597 968 658 etamo
996 592 1135 660 exercitu
1160 595 1319 662 neminem
1351 596 1486 682 prodire.
1517 595 1555 681 is,
1587 603 1623 662 ut
1643 597 1723 682 dico,
1756 599 1914 685 processit
1934 619 2038 684 neque

323 717 438 783 passus
461 702 511 762 est
530 693 678 762 uirtutem
692 695 869 762 Romanam
891 697 931 762 ab
948 693 1045 763 Gallo
1067 698 1199 783 turpiter
1220 698 1360 784 spoliari
1405 699 1501 767 Scuto
1521 701 1663 786 pedestri
1685 709 1717 768 et
1736 702 1845 786 gladio
1860 703 2036 788 Hispanico

322 801 444 866 cinctus
472 804 582 864 conba
603 799 730 864 Gallum
757 799 906 866 constitit
950 799 1037 866 lietu
1058 821 1174 885 magno
1197 803 1442 888 ea'congressio
1463 803 1496 868 in
1517 803 1588 889 ipso
1610 805 1708 890 ponti,
1740 815 1873 889 utroque
1895 807 2036 873 exercitu

322 905 530 988 inspectante,
557 900 643 968 iacta
665 907 724 970 est
767 903 826 986 lta,
854 911 987 971 utente
1010 903 1085 988 dixi,
1119 906 1340 974 constiterunt:
1374 907 1570 974 Gallus'sna
1591 905 1761 994 disciplina
1782 915 1873 976 scuto
1894 909 2037 995 proiecto

323 1004 575 1088 cunctabundum
597 1004 735 1071 Manlius
756 1005 861 1072 animo
876 1008 981 1092 magis
997 1025 1092 1090 quam
1106 1013 1174 1074 arte
1196 1007 1344 1094 confisus,
1367 1017 1456 1096 sento
1479 1016 1603 1076 scutum
1623 1011 1783 1094 percussit
1804 1017 1899 1094 atque
1921 1018 2039 1077 statum

322 1109 407 1176 Galli
428 1108 634 1176 conturbauit
656 1107 730 1174 dum
745 1127 782 1175 se
797 1109 910 1176 Gallus
932 1111 1045 1176 iterum
1067 1110 1180 1178 eodem
1201 1119 1295 1196 pacto
1318 1113 1508 1180 constituere
1531 1113 1645 1197 sudet,
1665 1113 1803 1180 Manlius
1818 1114 1932 1180 iterum
1947 1121 2037 1180 sento

321 1217 445 1278 scutum
471 1211 608 1296 percutit
634 1218 729 1293 atque
756 1212 797 1278 de
819 1213 889 1280 loco
919 1213 1078 1280 bominem
1105 1215 1217 1280 iterum
1244 1214 1372 1300 deiecit3
1405 1235 1443 1282 eo
1466 1221 1560 1302 paeto
1583 1215 1612 1282 ei
1635 1216 1693 1282 sub
1716 1217 1874 1283 Gallicum
1895 1217 2039 1302 gladium

322 1313 485 1396 successit,
507 1335 548 1380 ns
563 1315 675 1382 Gallus
698 1316 850 1401 impetum
871 1316 904 1382 in
925 1316 990 1382 ictu
1010 1317 1150 1402 baberet,
1172 1324 1268 1399 atque
1281 1318 1456 1404 Hispanico
1477 1325 1589 1405 poetas
1612 1318 1733 1404 bansit3
1756 1319 1872 1386 deinde
1888 1321 2038 1387 continno

320 1417 484 1485 bumemm
506 1417 651 1483 dextmm
673 1419 785 1485 eodem
807 1440 981 1504 congressu
1003 1420 1230 1503 inciditneque
1244 1422 1378 1488 recessit
1391 1439 1535 1507 nsquam,
1557 1422 1659 1488 donec
1674 1422 1836 1489 subuertit
1880 1422 1943 1488 Vbi
1965 1443 2037 1489 eum

321 1520 483 1604 subuertit,
512 1527 608 1604 capnt
629 1522 792 1606 praecidit,
821 1528 963 1606 torquem
990 1523 1127 1591 detraxit
1159 1543 1292 1608 eamque
1318 1525 1598 1609 sanguinulentam
1619 1525 1681 1592 sibi
1702 1526 1736 1592 in
1758 1526 1873 1592 collum
1894 1526 2037 1612 imponit.

322 1624 391 1703 Quo
414 1644 454 1689 er
475 1623 559 1690 iacto
581 1625 651 1709 ipse
672 1603 856 1710 posterique
878 1627 946 1693 eius
968 1627 1120 1710 Torquati
1141 1635 1215 1694 sunt
1237 1629 1460 1714 cognominati.

322 1909 418 1972 Harl:
441 1932 506 1972 cnm
528 1913 562 1973 Β
577 1912 684 1976 PML
705 1915 849 1992 flagicium
871 1937 889 1974 r
907 1914 913 1995 Ι
931 1917 1065 1977 adsidere
1091 1913 1184 1978 Hertz
1206 1939 1272 1980 nrm
1295 1918 1333 1979 M
1353 1918 1490 1980 assedere
1515 1916 1543 1978 L
1563 1918 1695 1979 accidere
1723 1917 1815 1978 ceteri
1836 1915 1908 1978 libri
1928 1913 2042 1977 Hertzi

320 2015 460 2077 aoeid'ere
480 2021 567 2092 sante
581 2017 709 2078 exercitis
732 2040 750 2076 r
773 2016 779 2098 Ι
803 2035 820 2078 e
841 2022 922 2078 tanto
946 2039 1004 2081 cm.
1021 2017 1065 2080 Β.
1085 2017 1092 2096 Ι
1113 2025 1200 2092 7ante
1215 2019 1247 2082 L
1268 2018 1273 2102 Ι
1290 2022 1401 2105 pioessit
1425 2021 1453 2080 V
1471 2019 1477 2102 Ι
1514 2049 1532 2086 a
1549 2021 1678 2098 ispanieo
1698 2017 1769 2102 p(b
1785 2020 1865 2096 eras)
1884 2049 1902 2086 a
1919 2022 2039 2097 spanieo

324 2116 493 2195 Lspanico
523 2119 554 2180 B
581 2117 696 2195 hispani
717 2121 882 2181 concinctus
904 2147 928 2202 φ
950 2123 1059 2198 spanici
1087 2144 1193 2207 repr.
1209 2144 1250 2186 m.
1277 2123 1418 2200 hispanici
1447 2144 1615 2186 roseam.
1636 2123 1641 2204 Ι
1666 2121 1756 2205 metu]
1786 2133 1840 2184 avo
1860 2123 1890 2182 ai
1910 2121 2038 2185 Licin-m

320 2222 461 2301 sequaris,
493 2223 559 2306 apri
578 2222 663 2282 notio
686 2231 731 2282 est
758 2223 917 2284 addenda.-
948 2225 1006 2300 sps
1035 2228 1169 2303 metuque
1195 2244 1310 2305 magno,
1342 2235 1394 2287 aaut
1420 2225 1626 2287 mumdum.-
1659 2227 1768 2301 impctn
1797 2243 1911 2302 magno.
1934 2225 2039 2308 {ponti

202 2367 203 2370 ι
321 2320 420 2383 Hertz
441 2345 505 2384 cum
528 2321 599 2384 BL
621 2329 710 2399 ponto
733 2326 824 2384 ceteri
844 2327 906 2387 eius
928 2323 1001 2386 libri
1015 2335 1043 2386 et
1056 2326 1136 2406 uolp,
1156 2325 1162 2412 Ι
1181 2331 1352 2403 expectante
1373 2355 1397 2408 φ
1417 2325 1422 2410 Ι
1441 2335 1485 2390 est
1499 2334 1532 2388 nt
1546 2331 1588 2388 ita
1602 2326 1731 2391 antedixi
1746 2325 1778 2389 L
1798 2327 1803 2408 Ι
1821 2329 2039 2388 cunctabundus

238 2497 245 2504 ,
321 2423 419 2487 Hertz
440 2448 506 2487 cnm
528 2425 561 2485 P
578 2427 777 2487 cantabundus
804 2429 895 2488 ceteri
924 2426 997 2488 libri
1017 2439 1046 2488 et
1066 2429 1146 2506 nole.
1168 2428 1174 2514 Ι
1198 2436 1279 2492 scuto
1308 2435 1421 2491 scutum
1442 2427 1541 2491 Hertz
1569 2453 1635 2492 orm
1656 2429 1792 2493 rBML
1815 2435 1926 2490 scutum
1955 2435 2038 2490 scuto

319 2530 410 2588 ceteri
430 2527 503 2588 d'bri
522 2538 551 2588 at
571 2527 651 2608 aolp.
672 2527 677 2608 Ι
696 2531 793 2590 statim
814 2527 846 2591 L
866 2530 872 2608 Ι
895 2531 1075 2616 perturbauit
1094 2533 1157 2615 Ρφ
1180 2533 1187 2613 Ι
1208 2533 1287 2618 dum]
1320 2553 1385 2595 cum
1406 2533 1438 2594 L
1462 2533 1467 2610 Ι
1493 2535 1533 2595 ito
1556 2533 1587 2595 L
1611 2535 1618 2615 Ι
1640 2534 1812 2594 constituere
1840 2533 1893 2608 Vl
1918 2535 2033 2593 manlli⁹

325 2629 353 2688 V
373 2632 488 2691 mallius
510 2631 551 2693 M
566 2630 572 2713 Ι
588 2630 702 2715 iterum]
725 2643 785 2694 eet
799 2651 819 2693 u
833 2634 865 2693 in
881 2631 912 2694 L
935 2655 972 2694 ec
994 2655 1071 2697 corr.
1092 2633 1097 2714 Ι
1116 2635 1230 2698 homine
1251 2636 1395 2698 bominem
1420 2633 1478 2714 ΜΙ
1497 2655 1531 2698 eo
1553 2634 1650 2718 paeto]
1673 2657 1712 2696 on
1735 2653 1769 2696 eo
1791 2634 1890 2696 iacto?
1908 2633 1914 2714 Ι
1932 2636 2032 2714 gladir‘r

318 2734 425 2810 gallicii
445 2732 517 2795 LB
533 2745 602 2796 anta
630 2745 753 2801 correct.
772 2735 779 2815 Ι
803 2755 840 2796 ne
862 2736 963 2798 Gallus
984 2771 1026 2782 ·—
1048 2737 1175 2820 haberet,
1208 2740 1292 2822 qnod
1316 2749 1360 2801 cst
1387 2741 1419 2799 ic
1446 2737 1532 2800 libris
1552 2748 1628 2822 post
1661 2739 1810 2818 subuertit,
1844 2738 1900 2798 dac
1929 2747 2031 2798 eans-

316 2836 420 2920 posait
440 2833 585 2898 Hertzius
603 2836 608 2916 Ι
628 2839 656 2899 in
678 2839 738 2898 ictu
758 2835 904 2900 Hertzr'us
925 2860 990 2900 cum
1013 2861 1029 2899 r
1049 2842 1099 2900 icti
1120 2845 1212 2903 ceteri
1231 2845 1294 2904 eiras
1315 2841 1387 2903 libri
1407 2851 1436 2900 et
1457 2839 1536 2920 aolp.
1559 2837 1749 2922 {hispannieo
1771 2863 1788 2900 r
1805 2869 1829 2906 a
1841 2842 2003 2918 ispanieop
2021 2837 2027 2922 Ι

318 2957 448 3000 umemm
470 2939 509 3000 M
524 2937 531 3019 Ι
549 2957 691 3000 consensu
711 2939 788 3001 BL
810 2959 947 3002 concessu
970 2945 1061 3003 ceteri
1082 2941 1155 3004 libri
1175 2941 1286 3006 Hertzi
1309 2961 1464 3022 congressu
1490 2939 1626 3008 &onom
1655 2940 1803 3026 lnsqnam
1830 2945 1950 3006 recessit
1970 2943 2002 3006 L
2023 2964 2026 3022 Ι

319 3043 412 3118 capud
433 3063 451 3100 r
471 3039 476 3124 Ι
494 3043 752 3119 praeciditorqnem
775 3041 866 3104 Noai
887 3045 952 3108 cod.
975 3043 1016 3106 L.
1038 3045 1177 3126 ltetraxit
1202 3045 1230 3107 L
1256 3045 1529 3130 lsanguinnlentam
1562 3045 1679 3108 ΘΒΜ
1690 3048 1748 3128 ch
1771 3044 1896 3108 Nonius
1917 3046 2031 3123 sangui-

316 3146 462 3204 nnlentem
486 3141 516 3203 L
536 3145 542 3222 Ι
559 3147 672 3221 inponit
692 3172 717 3226 <p
739 3143 865 3208 Nonius
882 3145 888 3227 Ι
907 3149 956 3222 qni
978 3165 1014 3208 ex
1034 3149 1055 3208 f.
1078 3175 1112 3228 φ.

319 3413 425 3469 decoris
442 3414 555 3481 speeies.
576 3426 632 3468 non
649 3417 754 3481 mutus,
782 3427 837 3467 non
854 3412 988 3468 exultatio
1010 3426 1198 3481 annorumque
1215 3414 1332 3482 agitatio
1349 3432 1431 3486 nana,
1454 3415 1504 3471 ssd
1520 3417 1618 3483 peetus
1635 3413 1784 3471 animorum
1802 3415 1913 3484 iraeque
1929 3416 2031 3472 tacitae

317 3500 428 3569 plenum
445 3514 552 3554 omnem
570 3497 696 3555 ferociam
713 3498 742 3554 in
758 3498 904 3553 discrimen
925 3500 1014 3568 ipsum
1037 3499 1191 3556 certaminis
1215 3501 1366 3558 distulerat
1384 3502 1431 3558 nbi
1449 3489 1595 3557 oon'stitere
1621 3499 1692 3555 inter
1715 3502 1785 3558 duas
1811 3503 1884 3558 acies
1901 3507 1944 3559 tot
1961 3503 2033 3558 circa

319 3587 474 3643 mortalium
491 3586 589 3641 animis
607 3601 656 3654 spe
674 3591 804 3652 metuque
826 3584 1018 3657 pendentibus,
1046 3586 1141 3643 Gallus
1158 3586 1236 3642 uelut
1252 3589 1337 3644 moles
1362 3604 1479 3658 superne
1503 3586 1637 3642 inminens
1659 3588 1780 3657 proiecto
1804 3589 1887 3644 laeva
1909 3593 1988 3645 scuto
2005 3589 2033 3643 in

250 3681 253 3690 ’
319 3673 491 3730 aduenientis
508 3687 584 3728 arma
600 3671 689 3727 bostis
706 3687 808 3727 nanum
826 3673 927 3733 caesim
944 3687 1007 3728 cnm
1023 3674 1128 3742 ingenti
1146 3675 1237 3730 sonitu
1255 3690 1348 3731 ensem
1366 3675 1477 3731 deiecit:
1502 3675 1640 3730 Romanus
1657 3689 1786 3731 mucrone
1803 3674 1938 3744 subrecto,
1956 3691 2032 3730 cnm

320 3763 423 3814 scuto
441 3766 581 3815 scutum
598 3759 681 3814 imum
698 3759 921 3828 perculisset
949 3765 1064 3828 totoque
1087 3775 1198 3830 corpore
1215 3762 1326 3818 interior
1342 3763 1463 3832 periculo
1482 3763 1603 3820 uulneris
1620 3760 1711 3816 iactus
1728 3761 1897 3817 insinuasset
1915 3776 1945 3816 se
1962 3762 2034 3817 inter

259 3883 266 3896 .
319 3861 418 3914 corpus
435 3863 574 3916 armaque,
592 3862 647 3902 uno
665 3845 805 3914 alteroque
822 3846 938 3902 subinde
955 3848 1011 3902 ictu
1029 3853 1151 3903 uenbem
1169 3852 1253 3916 atque
1270 3849 1383 3918 inguina
1400 3849 1523 3906 bausit
1552 3855 1586 3905 et*
1597 3848 1626 3903 in
1643 3849 1762 3916 spatium
1780 3845 1885 3916 'ingens
1909 3855 2032 3903 ruentem

318 3933 440 4000 porrexit
451 3932 567 3989 bostem.
585 3933 700 3989 iacentis
713 3933 775 3989 inda
787 3947 887 4001 corpus
899 3933 935 3989 ab
947 3934 1019 3990 omni
1032 3934 1087 3988 alia
1098 3936 1243 3991 uexadone
1254 3936 1388 3992 intsetnm
1400 3953 1454 3993 nno
1467 3940 1565 4005 torque
1578 3933 1714 4003 spoliauit,
1725 3947 1822 4001 quem
1834 3948 2034 4003 respersum

319 4032 447 4074 eruore
470 4019 568 4075 oollo
594 4019 839 4077 circumdedit
863 4037 933 4076 sno.
952 4018 1190 4090 defixeratpauor
1207 4037 1269 4077 cum
1287 4023 1464 4079 admiratione
1482 4023 1591 4080 Gallos:
1610 4019 1724 4076 Romam
1741 4021 1846 4077 alacres
1864 4019 1900 4077 ab
1918 4020 2035 4076 statium

319 4103 429 4160 obuiam
446 4103 523 4158 militi
541 4121 591 4160 suo
602 4107 750 4178 progressi,
768 4107 940 4176 gratulantes
952 4107 1152 4176 laudantesque
1164 4107 1200 4162 ad
1212 4108 1372 4165 dictatorem
1389 4111 1550 4179 perducant
1569 4108 1641 4164 inter
1656 4109 1805 4164 carminum
1822 4123 1906 4176 prope
1924 4107 2034 4163 modum

318 4189 459 4246 incondita
483 4191 621 4258 quasdam
650 4195 803 4251 militariter
827 4194 978 4250 ioculantes
1004 4195 1137 4263 Torquati
1160 4209 1310 4263 cognomen
1337 4196 1469 4267 auditum,
1495 4195 1662 4251 celebratum
1688 4194 1787 4251 deinde
1812 4195 1928 4265 posteris
1952 4194 2035 4249 etiam

319 4277 493 4345 familiaeque
516 4277 612 4333 honori
630 4277 690 4334 init
717 4281 833 4337 dictitet
857 4295 985 4337 coronam
1009 4297 1119 4337 auream
1143 4281 1250 4338 addidit
1273 4281 1375 4356 donum
1401 4283 1529 4351 mirisque
1552 4298 1602 4352 pro
1620 4283 1745 4338 contione
1762 4298 1822 4338 eam
1839 4298 1961 4352 pugnam
1979 4281 2038 4336 lan·

221 4375 227 4394 ⁸
320 4364 401 4420 dibus
419 4363 491 4418 tulit.
526 4369 617 4418 linare
635 4370 694 4418 enim
712 4375 829 4423 matema
841 4371 1017 4423 Locbmoernum
1035 4373 1075 4432 (ds
1084 4373 1151 4434 sont.
1165 4371 1224 4424 Lis.
1241 4372 1259 4422 I
1271 4392 1298 4438 p.
1311 4368 1356 4435 67)
1374 4393 1404 4424 aa·
1418 4375 1521 4424 Claudio
1535 4373 1632 4424 Liuium
1648 4375 1707 4424 deae
1723 4375 1811 4426 dassia
1828 4392 1885 4424 ersa
1902 4383 2036 4437 sepontum,

320 4473 371 4505 carn
388 4455 511 4506 kuissr'nru
535 4455 591 4518 sint,
615 4456 639 4504 in
657 4457 743 4518 quibua
761 4458 849 4509 Limisa
875 4469 898 4510 et
915 4459 1008 4510 Gstb'us
1032 4460 1182 4522 dissuadent,
1208 4461 1233 4509 in
1247 4461 1360 4526 pluairna'a
1385 4463 1456 4520 redas
1473 4478 1547 4526 saepe
1564 4461 1600 4509 od
1616 4463 1709 4512 andren
1728 4471 1869 4524 conpescunt.
1900 4478 1975 4525 aeque
1992 4460 2037 4508 boe

321 4557 372 4590 men
389 4543 431 4591 illo
441 4541 516 4606 flacit,
543 4541 609 4605 quod
624 4541 713 4591 Liuius
740 4539 824 4593 V142
848 4547 962 4596 rationem
987 4557 1113 4610 temporam
1131 4546 1161 4595 nb
1179 4545 1283 4596 Claudio
1308 4546 1338 4596 ds
1362 4547 1408 4597 dcc
1428 4547 1525 4614 proelio
1548 4547 1629 4597 initum
1651 4549 1795 4614 abprobauit.
1825 4547 1886 4610 quid
1907 4547 1967 4596 enim
1992 4563 2037 4594 nos

320 4626 425 4690 r'tnpedit,
451 4629 575 4691 quominus
594 4625 698 4688 Lindum,
724 4630 764 4677 cai
784 4632 942 4680 namucum
966 4631 1055 4682 Claudi
1075 4631 1141 4682 leod
1162 4632 1267 4695 abactam
1282 4633 1367 4694 finisse
1390 4653 1421 4684 erc
1439 4635 1491 4683 lnce
1516 4633 1559 4682 illc
1583 4635 1701 4699 sequitur,
1725 4650 1776 4682 scra
1798 4645 1921 4682 auctorum
1939 4647 2036 4680 saonen

318 4713 440 4776 paucitate
462 4725 593 4778 permotum
617 4714 642 4764 in
664 4731 749 4763 onnam
773 4709 888 4766 361t393
911 4720 1052 4783 tepentem
1075 4720 1260 4770 aer'rtuarcnrasi
1300 4719 1381 4770 Etr'rsm
1399 4739 1429 4771 es
1446 4737 1475 4784 cu
1492 4737 1518 4770 re
1535 4731 1651 4769 certarnen
1675 4719 1737 4768 illud
1757 4737 1788 4769 ee
1810 4720 1890 4768 alieno
1915 4719 1968 4767 loco
1992 4717 2037 4766 dae

319 4800 433 4850 insertum
452 4819 506 4850 ease
523 4800 590 4850 baad
606 4811 690 4851 temen
708 4802 822 4867 conicias,
841 4804 908 4866 quod
924 4804 1013 4855 Liuias
1031 4804 1061 4854 de
1079 4805 1177 4856 renoba
1194 4805 1261 4856 illias
1278 4807 1337 4856 cresi
1352 4807 1564 4858 „dilaceraretur
1581 4816 1605 4855 et
1619 4803 1706 4865 sisciae
1724 4815 1807 4854 namt
1823 4804 1874 4855 nisi
1888 4805 1933 4854 boc
1950 4804 2037 4869 ipsam,

323 4887 415 4936 cuniae
434 4888 519 4938 osnittr't
534 4903 648 4952 paparum,
666 4905 737 4951 quasa
753 4889 814 4938 inter·
831 4899 953 4954 usumque
970 4891 1045 4940 oer'em
1062 4893 1203 4942 commanem
1220 4909 1275 4942 aaa·
1292 4894 1346 4944 ueri
1361 4895 1438 4945 simile
1455 4905 1501 4944 est.
1519 4892 1561 4953 (cs-
1584 4890 1756 4942 Wes'aasnbom
1773 4891 1808 4940 cd
1824 4890 1882 4942 Le.
1907 4890 1944 4940 VI
1957 4885 1983 4956 9,
2000 4885 2037 4950 ὅ.)
