4366 5630
1057 391 1078 456 9

970 477 1170 487 ——-—

210 590 407 676 ἠφανίσθαι.
436 585 493 666 τὰς
514 587 548 656 bi
577 591 641 656 νῦν
671 589 875 674 φαινομένας
902 585 965 655 οὐκ
993 586 1121 671 dasena
1150 594 1348 674 συγκεῖσθαι
1377 583 1412 652 δι’
1442 584 1573 674 ἀνδρῶν
1599 590 1827 676 χαριζομένων
1848 588 1929 657 τισίν

208 699 251 774 εἰς
272 689 312 763 τοὶ
334 698 440 781 πρῶτα
462 694 542 782 γένη
563 690 621 758 καί
642 689 717 768 τοὺς
738 687 1008 775 ἐπιφανεστάτους
1028 685 1136 767 οἴκους
1156 693 1190 770 ἐξ
1212 686 1253 756 οὐ
1273 683 1498 776 προοιμιιίντων
1520 691 1777 778 εἰσβιαζομένοις.

293 803 325 868 4,
367 799 506 885 Appias.
536 797 620 865 Gall.
647 798 706 862 13
728 817 760 881 p.
783 798 826 863 36
847 795 924 862 Bk.:
967 802 1093 880 Καῖσαρ
1114 791 1148 860 bb
1169 790 1352 880 πολεμήσας
1374 789 1484 870 αὐτοῖς
1505 797 1628 879 πρῶτον
1649 791 1711 880 μἐν
1729 793 1929 878 Ἐλουητίους

208 900 449 990 καίΤιγυρίους
469 897 555 988 ἀμφὶ
577 894 635 976 τὰς
656 892 751 964 εἴκοσι
773 893 936 983 μυριάδας
957 893 1056 974 ὄντας
1078 895 1232 979 ἐνίκησεν.
1255 897 1438 984 οἱΤιμύριοι
1460 895 1485 964 δ’
1490 895 1599 964 αὐτῶν
1620 896 1734 983 χρόνῳ
1746 893 1927 985 ἔμπροσθεν

208 1006 353 1082 Πίσωνος
373 1001 431 1070 καί
451 1001 598 1070 Κασσίου
620 995 694 1069 τινὰ
722 995 863 1086 στρατόν
888 995 1013 1082 ἑλόντες
1042 1008 1085 1078 (a.
1117 1001 1268 1084 10‘ly647)
1296 996 1357 1068 ὑπὸ
1387 998 1491 1089 ζυγὸν
1521 995 1790 1090 ἑξετεπιίμφεσαν,
1819 999 1859 1078 ὣς
1886 1002 1928 1068 ἐν

208 1115 427 1196 χρονικαῖς
449 1104 670 1186 συντάξεσι
692 1097 969 1188 ὃοκεΐΠαιίλῳ
991 1107 1041 1188 τῷ
1062 1101 1257 1187 Κλαυδίῳ.

293 1215 325 1280 5.
370 1211 500 1279 Sueten.
523 1211 563 1276 de
586 1231 685 1295 gram.
702 1217 735 1276 et
755 1209 835 1276 rbet.
851 1211 894 1276 20
915 1206 960 1293 (p.
978 1209 1039 1275 115
1053 1205 1165 1292 Reii):
1188 1205 1309 1291 fuitque
1331 1205 1507 1293 (Hyginus)
1528 1207 1797 1276 familiarissimus
1812 1207 1928 1274 Ouidio

208 1323 322 1396 poetae
345 1322 377 1380 et
399 1315 537 1381 Clodio
558 1313 694 1379 Licino
717 1309 779 1398 (sic
800 1310 1008 1396 Oudendorp,
1041 1311 1162 1377 Licinio
1184 1309 1278 1397 libri),
1313 1311 1515 1378 consulari
1540 1312 1746 1397 historico,
1780 1312 1930 1396 quicum

185 1401 380 1488 'admodm
400 1437 574 1504 pauperem
596 1416 777 1482 decessisse
798 1413 896 1480 tradit
917 1421 949 1479 et
970 1413 1159 1480 liberalitate
1182 1433 1241 1480 sua
1263 1414 1369 1497 quoad
1391 1415 1506 1481 uixerit
1528 1414 1780 1500 sustentatum¹)

293 1523 342 1588 Ex
364 1521 425 1588 hoc
452 1541 583 1587 numero
606 1519 752 1586 Clodium
774 1517 937 1584 Ciceronis
960 1515 1008 1603 (1)
1032 1525 1064 1583 et
1084 1517 1230 1584 Clodium
1251 1518 1396 1583 Licinum
1418 1518 1549 1585 Suetoni
1572 1516 1620 1604 (4)
1643 1517 1788 1586 diuersos
1811 1537 1885 1583 esse
1908 1536 1929 1581 a

209 1625 420 1708 Quadrigario
442 1624 537 1700 taoile
559 1622 659 1688 cuiuis
682 1622 802 1687 clarum
825 1618 914 1706 est,²)
948 1641 1079 1704 quorum
1105 1621 1159 1687 illc
1184 1621 1278 1687 nimis
1307 1622 1465 1705 antiquus,
1500 1622 1552 1688 hic
1573 1621 1730 1688 recentior
1756 1623 1807 1689 sit.
1842 1619 1927 1686 idem

209 1730 306 1795 etiam
335 1727 376 1793 de
399 1724 496 1792 Clodi
516 1725 626 1791 Licino
648 1723 719 1791 liui
741 1722 789 1808 (2)
811 1729 896 1789 recte
918 1724 1029 1788 statuit
1049 1723 1271 1789 Lachmanuus
1293 1722 1349 1809 (de
1364 1724 1440 1793 font.
1455 1726 1524 1793 Liu.
1547 1727 1562 1790 l
1584 1747 1615 1811 p.
1638 1728 1681 1794 35
1702 1733 1767 1794 not.
1790 1723 1834 1812 2),
1857 1745 1929 1790 cunr

209 1831 289 1898 libro
304 1829 496 1914 Quadrigari
517 1829 610 1895 tertio
633 1828 812 1912 expositum
833 1828 877 1893 sit
897 1827 1015 1894 bellum
1029 1826 1150 1910 Pyrrhi,
1172 1847 1224 1893 res
1247 1826 1477 1908 anni194l560
1498 1827 1603 1914 (cuius
1625 1829 1717 1895 ludos
1738 1829 1864 1894 uotiuos
1888 1846 1928 1892 er

209 1935 311 2001 Licini
333 1933 413 1998 libro
434 1932 528 1998 tertio
551 1929 799 1998 conmemorauit
818 1929 927 1996 Liuius
951 1929 971 1995 l.
993 1928 1036 2011 s.)
1064 1930 1144 1996 libro
1167 1936 1258 1995 sexto
1280 1936 1337 1995 aut
1358 1930 1502 2016 septimo.
1526 1931 1572 1996 nil
1586 1939 1693 1997 tamen
1715 1932 1830 2014 obstat,
1853 1948 1928 2012 quo

209 2036 314 2103 minus
336 2037 421 2102 hunc
443 2033 560 2120 (secuti
573 2032 827 2116 Bernhardyium
848 2032 922 2098 hist
937 2033 997 2102 litt.
1014 2033 1101 2099 Rom.
1126 2054 1157 2118 p.
1173 2035 1237 2100 645
1259 2033 1310 2099 ed.
1333 2035 1412 2119 llll)
1435 2053 1506 2100 cum
1529 2034 1660 2101 Suetoni
1683 2033 1795 2101 Clodio
1815 2032 1926 2097 Licino

211 2138 269 2226 (5),
292 2159 387 2222 quem
408 2138 470 2204 Gai
490 2137 696 2223 praenomine
717 2155 810 2202 usum
833 2141 865 2200 et
886 2156 971 2202 anno
991 2141 1013 2203 4
1035 2158 1065 2222 p.
1088 2136 1163 2206 Chr.
1180 2138 1240 2202 757
1263 2157 1293 2202 a.
1308 2157 1339 2205 u.
1356 2157 1382 2206 c.
1407 2139 1568 2204 consulem
1591 2137 1757 2202 suffectum
1771 2134 1870 2200 inisse
1886 2155 1927 2200 ex

210 2243 302 2308 titulo
324 2245 388 2308 644
409 2261 461 2325 ap.
483 2229 580 2306 Orell.
604 2241 726 2306 collect.
749 2238 843 2304 inser.
867 2241 884 2303 l
904 2259 936 2324 p.
960 2242 1022 2306 615
1044 2239 1198 2321 nouimus,
1232 2239 1352 2322 Hygini
1373 2239 1508 2324 Liniqne
1534 2240 1662 2323 aequali
1688 2238 1928 2322 coniungamus.

213 2344 350 2428 denique
364 2351 399 2408 ut
412 2344 495 2409 inter
508 2342 588 2408 duos
601 2342 771 2426 scriptores
782 2341 841 2424 'qui
855 2342 1048 2408 relincuntur
1063 2343 1285 2426 cognationem
1301 2343 1461 2425 quandam
1483 2343 1680 2410 intercedere
1702 2337 1927 2424 arbitremur,')

211 2466 403 2531 quamquam
418 2467 438 2511 a
451 2444 622 2511 Plutarcho
638 2444 777 2528 Clodius,
800 2446 840 2510 ab
855 2447 1003 2530 Appiano
1020 2445 1170 2510 Claudius
1185 2443 1374 2527 nominatur,
1397 2445 1546 2512 librorum
1560 2447 1802 2530 inscriptionum
1818 2443 1930 2510 simili-

212 2550 320 2616 tudine
343 2548 545 2633 adducimur;
565 2542 719 2632 χρονικαὶ
741 2547 825 2612 enim
847 2542 1012 2625 συντάξεις
1033 2547 1117 2612 idem
1138 2566 1238 2631 prope
1261 2546 1369 2612 dicunt
1390 2548 1475 2631 quod
1498 2542 1632 2634 ’'mamoa-
1655 2545 1800 2634 χρόνον,
1831 2568 1927 2631 quam

164 2637 168 2648 ’
203 2653 283 2719 iere
305 2647 424 2738 (,,οὕτω
445 2649 512 2738 γάρ
535 2675 612 2726 ιιως
636 2651 864 2736 ἐπιγέγραπται
887 2643 920 2714 τὸ
942 2647 1106 2735 βιβλίον“)
1134 2649 1226 2716 Clodi
1253 2650 1324 2715 libri
1350 2651 1590 2736 inscriptionem
1617 2651 1716 2718 fuisse
1738 2651 1927 2717 Plutarchus

202 2747 359 2822 adfirmat.
390 2755 456 2821 Sed
468 2753 613 2820 Clodium
627 2753 789 2818 Plutarchi
804 2751 850 2838 (3)
866 2752 963 2818 etiam
978 2772 1047 2817 cum
1064 2752 1275 2836 Quadrigario
1291 2751 1499 2819 confuderunt
1510 2752 1691 2839 Niebuhr,⁴)
1709 2751 1924 2838 Schweglcr³)

204 2857 292 2943 (bist
306 2858 398 2924 Rom.
419 2858 435 2921 I
457 2877 489 2941 p.
511 2858 554 2922 39
576 2862 640 2922 not.
663 2857 695 2920 11
719 2858 756 2921 11
780 2862 844 2921 not.
867 2853 912 2940 5),
933 2855 1119 2938 Bernhardy
1143 2855 1179 2938 (l.
1201 2877 1227 2921 s.
1243 2877 1275 2942 p.
1298 2857 1383 2939 196),
1406 2855 1503 2940 idque
1526 2877 1597 2922 cam
1619 2858 1658 2924 ob
1682 2877 1813 2923 causam
1834 2855 1920 2940 quod

204 2959 335 3026 Clodius
358 2959 496 3025 omnium
517 2979 630 3042 rerum,
653 2977 736 3041 quac
758 2965 833 3024 ante
854 2957 1032 3024 incendium
1050 2959 1208 3026 Gallicum
1229 2959 1334 3024 iactae
1357 2967 1439 3042 suut,
1462 2960 1557 3026 fidem
1582 2960 1615 3025 in
1639 2959 1769 3026 dubium
1789 2959 1927 3043 uocauit,

204 3061 358 3129 Claudius
384 3060 613 3145 Quadrigarius
641 3062 681 3126 ab
711 3081 749 3126 eo
776 3081 861 3127 auno
890 3061 1013 3126 initium
1041 3062 1200 3128 scribendi
1225 3061 1310 3128 iecit.
1363 3063 1407 3128 At
1439 3063 1567 3129 minime
1600 3065 1703 3148 potuit
1738 3062 1928 3130 Plutarchus

203 3165 339 3231 annales
359 3165 413 3230 uel
433 3163 593 3248 historias,
621 3170 656 3229 ut
677 3164 884 3248 inscripserat
904 3163 1133 3249 Quadrigarius
1155 3165 1268 3230 librum
1292 3186 1392 3250 sunm,
1422 3175 1546 3234 uertere
1568 3168 1600 3232 in
1623 3160 1760 3254 ἔλεγχος
1779 3160 1926 3252 χρόνον,
2002 3185 2006 3192 ·

204 3287 288 3350 quae
315 3286 378 3333 uox
407 3266 540 3346 eandem
568 3266 635 3333 fere
661 3265 759 3333 babet
783 3267 848 3332 uim
880 3288 975 3350 quam
1007 3287 1153 3352 ,censura
1185 3269 1410 3354 temporum‘.¹³)
1445 3269 1561 3336 deinde
1588 3269 1827 3355 Quadrigarius,
1865 3269 1929 3335 nisi

300 3422 318 3486 ¹)
335 3421 397 3476 Non
415 3419 509 3474 addidi
528 3419 652 3474 Seruium
670 3419 802 3488 Clodium,
820 3419 883 3475 Aeli
901 3419 1015 3476 Stilonis
1034 3437 1173 3491 generum,
1190 3422 1236 3490 qui
1255 3423 1283 3476 in
1300 3423 1486 3492 grammaticis
1504 3431 1622 3493 ponatur
1640 3440 1658 3477 a
1676 3422 1806 3479 Suetonio
1823 3421 1868 3484 (de
1885 3437 1927 3490 gr.

209 3497 240 3545 et
255 3490 325 3545 rhet.
343 3489 369 3544 2.
387 3491 404 3544 3
421 3504 447 3558 p.
468 3487 518 3543 101
536 3489 598 3556 Bt).
616 3488 651 3544 cf.
669 3489 704 3544 de
722 3505 755 3544 eo
772 3489 862 3552 Orelli,
879 3495 1013 3546 onomast.
1031 3491 1100 3546 Tull.
1118 3508 1144 3560 p.
1162 3491 1219 3546 164.
1238 3507 1319 3560 quern
1337 3493 1411 3561 quod
1432 3495 1462 3550 C.
1482 3495 1526 3548 Pr.
1539 3495 1679 3549 Hermann
1691 3493 1775 3557 (tht
1787 3491 1842 3561 gel.
1855 3490 1926 3546 Ana.

209 3559 279 3617 1849
295 3574 323 3628 p.
342 3559 420 3624 1469)
438 3558 554 3613 eundem
573 3573 634 3614 esse
653 3560 760 3614 censuit
783 3563 865 3627 atque
889 3575 950 3614 cum
975 3560 1023 3628 qui
1050 3564 1092 3613 ιὸι
1116 3567 1219 3628 τιφχοι
1242 3564 1341 3630 χρόνον
1364 3564 1534 3632 conscripsit,
1559 3579 1610 3619 suo
1633 3563 1692 3618 iure
1715 3563 1769 3617 iam
1795 3559 1927 3616 refutauit

209 3630 244 3685 Η.
262 3629 353 3696 Klapp
371 3627 406 3682 de
424 3627 472 3681 uit
490 3628 563 3682 Plut.
587 3633 659 3683 auct.
677 3629 699 3683 l.
716 3644 743 3697 p.
761 3627 795 3684 21
814 3643 855 3696 sq.
874 3659 908 3669 -
926 3629 1032 3684 Deinde
1055 3629 1134 3684 omisi
1152 3629 1271 3698 Appium
1290 3631 1435 3687 Claudium
1452 3633 1600 3688 Pulchrum
1622 3633 1763 3688 consudem
1780 3647 1805 3686 a.
1824 3631 1928 3701 corbo,

208 3705 346 3755 mortuum
364 3695 553 3766 allisionis
571 3703 603 3752 ut
625 3698 665 3751 ait
682 3697 777 3754 Cicero
801 3698 887 3754 (Brut.
908 3697 952 3766 77)
976 3705 1014 3767 ,et
1033 3701 1098 3754 satis
1122 3700 1264 3755 studiosus
1289 3706 1317 3755 et
1334 3701 1416 3757 ualde
1440 3702 1548 3772 doctus,
1566 3709 1624 3758 turn
1651 3702 1733 3756 edam
1759 3701 1928 3758 exercitatus

208 3775 303 3826 orator
319 3773 349 3821 et
365 3783 426 3823 cum
446 3766 587 3835 auguralis
604 3772 663 3821 tum
679 3767 781 3836 publici
799 3767 867 3822 iuris
884 3768 1110 3837 antiquitatisque
1127 3775 1238 3825 noemae
1256 3769 1326 3825 bene
1344 3772 1449 3839 peritus
1466 3771 1535 3840 suit,‘
1558 3770 1673 3840 librique
1692 3771 1751 3825 eius
1770 3769 1927 3838 augurales,

209 3839 289 3893 cuius
307 3837 389 3893 etiam
407 3836 562 3905 fragmenta
598 3851 696 3890 aucae
716 3838 754 3892 ud
765 3837 877 3892 Festum
895 3837 992 3893 adnos
1029 3844 1200 3904 erueueruut,
1218 3841 1659 3898 conmemoranturaCiceroncin
1673 3839 1791 3908 epistula
1808 3839 1927 3908 quadam

210 3906 247 3991 ad
265 3922 327 3961 eum
345 3906 411 3962 data
435 3906 480 3972 rad
499 3905 562 3960 fam.
578 3851 620 3961 iu
638 3906 680 3972 11,
697 3853 737 3977 gg
757 3913 903 3990 praeterca
920 3907 986 3962 nibil
1006 3854 1040 3963 (ie
1058 3909 1117 3963 eius
1133 3909 1227 3992 stradic
1245 3907 1398 3992 litterarum
1421 3913 1585 3980 accepimus.
1609 3911 1653 3975 (ef.
1672 3910 1707 3965 de
1724 3925 1758 3966 eo
1769 3911 1926 3976 'Drumaurq

210 3976 276 4032 hrst.
293 3976 369 4030 Rom.
388 3976 416 4030 11
432 3991 459 4044 p.
480 3977 529 4032 136
547 3976 634 4044 seqq.)
648 4005 679 4014 -
694 3977 818 4044 Demque
835 3983 967 4032 ratrcnem
984 3993 1039 4032 non
1055 3977 1140 4032 habur
1157 3980 1210 4034 locs
1229 3978 1372 4034 cuiusdam
1389 3981 1416 4035 in
1435 3981 1520 4037 schol.
1538 3981 1573 4036 ad
1591 3981 1676 4038 Cicer.
1695 3987 1762 4036 orat
1780 3995 1830 4048 pro
1843 3978 1927 4035 Arch.

208 4063 237 4116 p.
249 4043 300 4100 357
311 4043 392 4100 Orell.
403 4045 443 4100 sic
461 4045 569 4114 scripti:
587 4045 653 4114 „lile
663 4045 764 4100 blasius
781 4045 853 4101 idem
870 4047 967 4102 eximie
984 4048 1014 4102 1.
1027 4046 1150 4104 Clodium
1168 4047 1271 4102 dilexit.
1289 4049 1336 4104 ille
1353 4051 1456 4118 primus
1466 4051 1569 4106 Romae
1585 4051 1678 4106 studia
1685 4050 1784 4106 Latina
1801 4049 1928 4104 docuisse

210 4113 322 4178 serbrr‚“
340 4130 403 4168 nam
420 4115 448 4168 in
465 4115 587 4170 oratione
605 4116 666 4184 ipsa
683 4115 718 4185 (9,
738 4115 780 4180 12)
799 4115 858 4170 sino
876 4117 1059 4184 discrepantia
1076 4117 1205 4173 librorum
1223 4119 1253 4172 L.
1271 4117 1341 4174 Plcti
1360 4135 1457 4176 nomen
1475 4125 1527 4176 cst.

221 4237 230 4252 ,
299 4187 320 4246 ²)
337 4182 475 4238 Lachman
518 4185 552 4239 de
570 4183 588 4238 i.
606 4185 665 4240 Liu.
683 4185 711 4240 Π
727 4201 753 4254 p.
771 4185 806 4239 23
826 4186 964 4241 Ciceronis
988 4191 1016 4240 et
1034 4187 1093 4241 Liui
1112 4186 1236 4242 Clodium
1255 4187 1378 4242 confudit
1401 4203 1463 4243 curn
1482 4189 1565 4246 Sexto
1583 4190 1686 4258 Clodio,
1712 4187 1758 4256 qui
1776 4200 1875 4256 mace
1892 4185 1927 4240 de

211 4255 254 4310 dis
274 4252 384 4321 scripsit
400 4252 487 4316 (Arno
507 4253 552 4309 .V
567 4253 601 4306 18
617 4259 645 4309 ct
662 4269 696 4308 ex
714 4271 746 4310 ec
764 4255 923 4311 Lactantius
941 4255 1092 4324 discipulus
1110 4257 1196 4312 instit.
1215 4257 1227 4310 l
1245 4256 1288 4324 22,
1307 4258 1350 4315 11)
1369 4265 1398 4312 et
1415 4257 1532 4315 sortasse
1550 4260 1621 4314 idem
1639 4259 1791 4325 irritatque
1808 4255 1927 4325 „Sextus

210 4323 324 4381 Clodius
342 4321 472 4392 eSicilia,
490 4323 606 4386 Latinae
621 4323 701 4379 simul
711 4324 886 4392 Graecaeque
904 4325 1073 4393 eloquentiae
1085 4325 1249 4395 ριοΐοιιοοι,α
1266 4327 1424 4394 Antonique
1441 4329 1574 4385 triumuiri
1592 4329 1724 4398 magister
1741 4325 1825 4392 (Suet.
1838 4324 1873 4379 de
1886 4339 1927 4394 gr.

210 4399 240 4449 et
257 4391 288 4448 rh
316 4392 350 4446 29
367 4406 394 4459 p.
414 4391 464 4444 124
481 4392 569 4462 Reii),
593 4407 674 4460 quem
691 4398 724 4448 ut
740 4395 843 4450 Antoni
861 4413 888 4450 m
928 4396 1024 4450 'suum
1042 4397 1167 4463 quamuis
1185 4395 1321 4451 hominem
1339 4398 1480 4466 stupidum
1497 4407 1631 4455 aratorem
1649 4414 1683 4453 ex
1700 4402 1808 4452 oratore
1824 4392 1927 4449 factum

210 4479 274 4590 apis
290 4463 414 4544 increpat
420 4461 624 4600 t{itiner-lpoffhtil.
642 4463 669 4518 11
687 4462 729 4532 17,
746 4463 789 4517 43.
806 4463 847 4518 ΠΙ
865 4410 960 4534 9399).
979 4495 1013 4506 -
1030 4465 1156 4520 Ceterum
1174 4465 1209 4520 de
1227 4465 1365 4522 Ciceronis
1383 4467 1478 4525 Clodio
1496 4470 1563 4524 nibil
1581 4484 1643 4524 cum
1668 4467 1761 4534 abque
1781 4463 1928 4534 probabili·

265 4546 388 4600 aspecre
406 4547 420 4586 s
462 4546 490 4585 ur
555 4547 585 4587 es

298 4599 656 4752 recusasset
673 4599 1015 4740 stret-..ruens
1028 4601 1422 4729 b¹aru.u.u.¹ustt
1437 4674 1479 4728 a.
1503 4687 1533 4728 ι.
1550 4671 1776 4753 φησι...)
1864 4671 1925 4725 ι..

212 4739 346 4796 Plutarch
364 4739 482 4810 anidbrt,
501 4740 567 4795 dass
586 4740 630 4795 dre
648 4739 859 4810 Stammbdumc,
878 4743 976 4798 soweie
993 4745 1032 4799 sie
1049 4743 1118 4798 dber
1135 4743 1211 4798 disse
1228 4741 1289 4798 Zeit
1305 4741 1531 4811 binauheicbtcn,
1550 4741 1684 4798 erdichtet
1700 4741 1794 4799 seron‘

303 4815 322 4878 ι)
339 4810 421 4865 Hunc
438 4811 521 4865 etiam
539 4825 592 4879 ego
609 4811 736 4878 quamuis
753 4810 910 4867 dubitanter
928 4819 1041 4869 secutus
1058 4827 1132 4868 eram
1150 4812 1185 4868 dc
1203 4811 1269 4868 font.
1287 4813 1360 4867 Plut.
1378 4829 1404 4883 p.
1424 4811 1475 4866 162
1492 4817 1548 4869 not.

297 4880 318 4947 θ)
336 4879 382 4936 Sic
399 4881 484 4936 uertit
499 4881 571 4936 Roth
588 4880 617 4935 in
635 4879 706 4936 Ceri.
725 4879 836 4936 Sallust.
854 4896 881 4950 p.
898 4881 959 4937 322.
976 4881 1010 4938 ci.
1030 4881 1119 4952 Klapp
1136 4883 1155 4937 l.
1174 4899 1195 4938 s.
1212 4898 1239 4952 p.
1257 4881 1291 4935 22
1309 4895 1370 4950 sqq.

1727 4969 1747 5034 2
