4366 5630
1034 483 1072 547 11

286 685 316 750 2.
340 681 441 748 codex
462 680 629 748 Leidensis
652 680 746 748 Voss.
771 683 810 748 73
833 701 919 748 saec.
941 681 989 746 XI
1012 681 1088 765 (quo
1111 681 1207 748 etiam
1229 681 1419 748 Gerlachius
1441 699 1518 746 usus
1541 677 1614 766 est).

285 783 744 862 acaemetensium.
769 787 831 850 116
853 803 938 850 saec.
960 785 1033 868 XII,
1061 784 1116 868 qui
1143 791 1250 850 tamen
1271 784 1305 848 in
1326 783 1481 869 prioribus
1509 782 1598 848 libris
1622 787 1772 865 excerpta
1793 786 1916 849 tantum

203 885 297 954 modo
320 887 468 972 exempla
489 885 629 972 praebet.
652 885 712 951 hos
734 884 814 952 duos
834 887 931 952 libros
947 886 1004 952 Du
1025 887 1122 952 Rieu
1143 887 1193 952 uir
1214 886 1416 953 doctissimus
1438 905 1459 950 a
1479 903 1530 949 me
1552 890 1683 968 rogatus
1699 903 1771 950 eum
1791 905 1916 951 summa

203 989 395 1056 liberalitate
409 987 565 1072 lugduno
586 987 780 1053 Batauorum
801 987 863 1054 huc
884 988 1068 1056 transmisit

285 1094 317 1158 4.
339 1089 442 1156 codex
462 1089 770 1157 Wolfenbuttelanus
794 1089 879 1158 Gud.
903 1110 988 1158 saec.
1009 1091 1064 1173 XI,
1093 1090 1182 1156 cuius
1209 1110 1301 1156 usum
1329 1089 1430 1156 debeo
1452 1088 1682 1154 Bethmanni
1717 1088 1914 1174 benignitati,

201 1193 290 1260 cuius
312 1199 445 1260 mortem
466 1213 550 1260 nunc
571 1212 681 1259 omnes
703 1193 758 1276 qui
778 1213 927 1278 umquam
949 1193 1171 1259 bibliothecam
1191 1191 1513 1259 Wolfenbuttelanam
1535 1191 1681 1256 adierunt
1701 1190 1852 1276 lugent¹)

285 1295 433 1379 Denique
460 1315 501 1361 ne
522 1295 728 1378 neglegentia
754 1303 863 1362 nostra
890 1297 1043 1380 conplura
1063 1282 1242 1380 fragmenta
1268 1294 1388 1360 omissa
1411 1293 1583 1360 existumas
1610 1313 1693 1377 quae
1721 1300 1796 1360 sunt
1826 1297 1912 1381 apud

200 1398 382 1482 Kreusium,
403 1398 541 1464 breuiter
562 1399 762 1482 enumerabo,
785 1417 867 1482 quae
882 1417 923 1462 ex
943 1399 998 1464 illo
1018 1417 1150 1464 numero
1172 1396 1332 1463 eiecerim:

288 1503 316 1568 1.
339 1497 383 1584 (p.
407 1500 470 1566 254
492 1497 563 1584 Kr.)
586 1499 720 1578 Quintus
743 1499 777 1566 iu
796 1501 844 1564 II:
876 1501 1065 1568 Peruersum
1087 1521 1168 1584 esse,
1203 1499 1251 1565 eis
1273 1499 1329 1564 alii
1350 1497 1437 1564 modi
1463 1497 1627 1581 postulare
1648 1497 1803 1582 Pyrrhum
1824 1500 1858 1565 in
1882 1510 1914 1568 te

199 1611 296 1712 atque
316 1602 350 1667 in
378 1602 492 1668 cetems
520 1602 629 1668 fuisse.
656 1601 756 1668 Prisc.
779 1603 859 1667 Xlll
881 1625 913 1688 p.
936 1605 1000 1670 960
1019 1603 1056 1670 P.
1077 1605 1109 1668 11
1130 1625 1162 1688 p.
1176 1605 1204 1690 ,8
1226 1601 1267 1667 H.
1288 1643 1331 1652 -
1352 1601 1413 1667 Hie
1434 1600 1497 1665 iam
1520 1599 1670 1665 Krehlius
1692 1619 1733 1665 ex
1754 1600 1915 1671 codicibus

201 1705 236 1773 C.
258 1703 360 1770 Licini
381 1724 497 1771 nomen
519 1704 664 1788 restituit,
687 1725 782 1788 quem
804 1707 843 1770 ob
865 1726 932 1771 rem
954 1705 989 1772 C.
1012 1706 1114 1774 Licini
1134 1705 1234 1771 Macri
1254 1703 1440 1788 fragmentis
1461 1700 1665 1768 inserendum
1688 1709 1746 1768 est

284 1809 314 1876 2.
338 1804 383 1892 (p.
407 1809 470 1874 263
492 1804 564 1891 Κι.)
587 1805 744 1874 Calidius:
768 1806 914 1892 Senatus,
936 1807 1046 1892 inquit,
1069 1808 1194 1874 censuit
1213 1806 1420 1873 referentibus
1443 1803 1565 1872 sufetis.
1585 1805 1676 1871 Paul.
1698 1805 1789 1872 Diae.
1805 1828 1836 1892 p.
1851 1811 1914 1876 308

199 1910 306 1978 11.-
328 1909 411 1988 Quia
437 1910 533 1993 uolgo
562 1909 749 1975 tribueretur
771 1909 914 1994 Claudio,
946 1911 1072 1977 Krause
1101 1911 1135 1975 in
1168 1912 1236 1977 eius
1267 1909 1453 1992 fragmentis
1487 1911 1583 1972 etiam
1613 1907 1674 1973 hoc
1705 1909 1821 1992 posuit.
1855 1931 1915 1996 ego

201 2011 324 2078 Calidio
346 2012 463 2078 oratori
484 2031 544 2077 sua
563 2010 728 2078 reddenda
742 2032 816 2079 esse
831 2015 997 2080 existumo.
1019 2013 1100 2079 haec
1122 2014 1206 2079 enim
1220 2011 1309 2078 Festi
1330 2009 1376 2097 (p.
1391 2009 1469 2094 309)
1492 2011 1590 2076 uerba
1605 2011 1766 2096 excerpsit
1778 2013 1913 2081 Paulus:

200 2113 304 2199 ,Sufes
333 2114 433 2180 dietae
453 2115 629 2176 Poenorum
655 2114 861 2198 magistratus
888 2123 924 2180 ut
946 2114 1097 2182 Oscorum
1123 2117 1252 2179 Meridie
1280 2118 1395 2179 taliae.
1440 2112 1583 2178 Calidius
1604 2113 1636 2178 in
1660 2115 1801 2206 oratione
1821 2119 1853 2180 ia
1878 2120 1915 2198 Q.

204 2216 358 2282 Gallium:
381 2216 583 2282 -Senatus
606 2219 726 2282 censuit
746 2218 944 2296 referentibus
966 2219 1086 2286 sufetis.
1709 2217 1725 2230 ’“
1877 2284 1881 2294 ,

283 2322 314 2388 3.
338 2318 382 2404 (p.
398 2321 462 2387 265
475 2317 547 2404 Kr.)
570 2318 722 2385 Claudius
738 2319 880 2386 oratione
894 2320 927 2384 in
942 2320 1103 2399 Quintium
1118 2320 1260 2387 Callum:
1284 2339 1416 2403 quarum
1430 2318 1537 2383 iacent
1550 2337 1691 2401 murena,
1712 2320 1780 2385 ulla
1794 2321 1914 2408 horrea,

203 2423 352 2506 canaque
380 2429 412 2487 et
439 2421 616 2487 tabulariae
642 2422 798 2506 publicae.
831 2423 953 2488 Nonius
977 2443 1002 2488 s.
1025 2444 1055 2488 u.
1077 2423 1192 2489 horrea
1211 2442 1242 2506 p.
1265 2425 1338 2489 208.
1360 2463 1403 2471 -
1424 2419 1493 2485 Hoc
1516 2418 1727 2504 fragmentum
1753 2422 1862 2506 Meyer
1883 2427 1916 2492 in

201 2524 312 2608 fragm.
340 2531 418 2592 orat.
441 2525 532 2588 Rom.
560 2545 592 2608 p.
615 2524 678 2589 437
707 2523 771 2606 (ed.
794 2523 840 2611 ll)
867 2526 913 2590 ita
940 2525 1134 2594 emendauit:
1166 2523 1321 2609 ‚Calidius
1353 2522 1496 2588 oratione
1523 2522 1556 2587 in
1585 2522 1735 2601 Quintum
1763 2522 1916 2594 Gallium‘

202 2627 333 2710 eiusque
354 2625 542 2711 fragmentis
564 2627 706 2693 inseruit.
731 2623 941 2693 Giesebrecht
961 2627 1088 2712 quidem
1110 2631 1154 2713 (p.
1171 2625 1204 2713 9)
1227 2645 1267 2690 ex
1289 2624 1431 2691 oratione
1453 2623 1600 2707 quadam,
1623 2645 1718 2707 quam
1732 2626 1914 2698 manuales

200 2730 377 2815 recepisset
399 2729 638 2812 Quadrigarius,
666 2729 747 2794 haee
769 2736 896 2815 sumpta
917 2750 990 2797 esse
1012 2731 1180 2798 arbitratus
1208 2734 1258 2794 est
1280 2726 1338 2792 sed
1359 2746 1430 2792 curn
1452 2725 1581 2810 Meyero
1602 2725 1636 2790 id
1657 2725 1741 2810 facit,
1775 2731 1860 2814 quod
1882 2733 1915 2799 in

200 2830 239 2909 Q.
262 2831 411 2915 Gallium,
439 2851 533 2914 quem
561 2829 703 2896 defendit
729 2831 770 2897 M.
793 2832 916 2899 Tullius
947 2835 1065 2916 Cicero,
1096 2831 1269 2898 orationem
1297 2828 1454 2896 Calidium
1482 2829 1633 2904 habuisse
1663 2830 1761 2902 etiam
1786 2833 1915 2902 aliunde

201 2938 335 3000 constat.
358 2932 398 2999 cf.
419 2933 529 3018 Meyer
550 2933 571 3000 l.
595 2953 621 2999 s.
643 2954 676 3016 p.
698 2935 770 3000 436.
794 2953 841 3017 sq.

284 3037 315 3102 4.
338 3033 383 3120 (p.
402 3038 473 3102 269·
481 3036 550 3116 Kr.)
574 3035 727 3102 Claudius
742 3055 847 3102 rerum
860 3037 1073 3102 Romarmrum
1087 3037 1167 3102 libro
1186 3035 1387 3102 duodecimo:
1412 3033 1559 3117 Quinque
1572 3033 1681 3118 pristis
1695 3035 1861 3120 nauigium
1875 3058 1915 3104 ea

198 3137 300 3204 forma
330 3133 464 3223 [conieci
484 3159 517 3220 ,a
538 3135 674 3224 forma‘:]
698 3139 864 3204 amerina
892 3141 999 3205 bellua
1025 3139 1143 3206 dictum
1169 3145 1228 3205 est.
1271 3139 1351 3205 Non.
1375 3157 1400 3204 s.
1423 3158 1453 3202 u.
1476 3136 1585 3221 pristis
1607 3157 1638 3221 p.
1660 3138 1733 3206 535.
1756 3177 1798 3188 —
1820 3141 1915 3208 illiror

200 3240 284 3326 quod
306 3240 339 3304 in
360 3239 421 3306 hoe
442 3241 620 3324 fragmento
642 3259 735 3306 nemo
757 3241 862 3308 adhuc
884 3242 1024 3308 offendit.
1046 3242 1181 3327 adparet
1195 3241 1278 3308 enim
1294 3239 1599 3324 nequeseutentiam
1615 3259 1656 3305 ex
1670 3260 1706 3305 eo
1722 3241 1794 3308 elici
1808 3263 1915 3329 posse,

199 3343 262 3409 nisi
282 3343 329 3408 ita
348 3347 384 3407 ut
403 3342 553 3426 ,quinque
575 3341 695 3427 pristis‘
715 3344 840 3426 lemma,
868 3364 951 3427 quae
973 3352 1121 3412 secuntur
1141 3343 1432 3430 interpretationem
1455 3361 1529 3408 esse
1550 3341 1785 3428 existumemus,
1813 3365 1917 3430 nequo

207 3445 240 3509 id
261 3445 410 3510 haustum
438 3463 511 3510 esse
540 3463 579 3509 ex
602 3443 640 3522 Q.
663 3444 797 3512 Claudio
818 3446 1039 3533 Quadrigario,
1070 3467 1163 3531 quern
1185 3448 1370 3532 plerumque
1397 3447 1455 3512 sub
1483 3441 1547 3509 uno
1569 3443 1760 3528 Quadrigari
1789 3450 1916 3517 nomine

200 3543 325 3611 adferre
347 3547 429 3610 solet
442 3546 574 3629 Nonius,
598 3547 687 3614 cuius
710 3549 807 3616 libros
829 3569 955 3634 semper
977 3549 1109 3616 annales
1132 3548 1218 3614 dicit.
1261 3549 1435 3617 Fluxerunt
1455 3547 1561 3632 potius
1583 3548 1681 3613 uerba
1695 3547 1753 3613 illa
1767 3567 1807 3614 ex
1823 3549 1915 3619 Serui

194 3647 290 3714 ‘clodi
317 3648 543 3732 glossographi
576 3648 673 3733 (anno
703 3649 818 3733 61l693
846 3651 912 3717 fere
938 3649 1065 3738 mortui)
1091 3650 1188 3735 libris,
1220 3650 1401 3735 dequibus
1431 3649 1493 3715 uid.
1523 3648 1648 3714 Ritechl
1674 3649 1708 3713 in
1728 3671 1859 3744 'parerg
1882 3677 1915 3742 p.

201 3753 272 3821 122.
298 3752 369 3816 180.
391 3751 454 3816 242
476 3769 524 3832 sq.
540 3752 603 3816 366
619 3771 664 3834 sq.
682 3755 714 3815 et
728 3751 951 3820 Kretzsclrmer
966 3754 1006 3820 de
1021 3755 1102 3823 Cell.
1117 3753 1194 3822 sont.
1210 3774 1241 3838 p.
1256 3755 1299 3820 42
1314 3773 1362 3836 sq.
1405 3751 1647 3835 Inscriptionem
1661 3770 1746 3816 nune
1761 3759 1916 3841 temptare

198 3855 282 3938 nolo,
316 3851 454 3918 sufficiat
482 3850 674 3937 adposuisse
701 3873 797 3920 unum
819 3854 971 3922 Varronis
999 3857 1110 3943 locum,
1143 3877 1184 3923 ex
1206 3856 1295 3922 ouius
1323 3853 1530 3920 similitudine
1556 3853 1652 3918 etiam
1673 3853 1853 3924 Nonianum
1875 3881 1915 3928 ex

204 4129 223 4192 ¹)
240 4123 291 4180 His
305 4137 371 4178 uero
382 4121 634 4248 &liiiiorsriidjsfiemdii
647 4123 1005 4249 ⁰⁰dbg⁰rffi⁰¹¹i⁸⁰⁰¹¹¹m
1256 4126 1282 4251 g
1305 4146 1339 4173 =
1354 4123 1442 4248 ,⁰233
1458 4122 1706 4248 gddididiiiiam

349 4260 377 4316 A
394 4283 428 4309 =
445 4261 532 4316 codex
549 4208 805 4331 reiculiui'fraue
1256 4265 1281 4322 G
1302 4285 1337 4312 =
1354 4263 1441 4318 codex
1459 4261 1486 4317 S.
1507 4261 1708 4318 Germanarum.

350 4329 376 4386 V
394 4353 428 4378 =
445 4331 532 4386 codex
550 4331 702 4387 Vaticanus
718 4332 797 4388 3452.
1257 4334 1284 4388 11
1302 4355 1336 4380 --
1354 4332 1441 4388 codex
1458 4332 1735 4400 Magliabeeelrianua.

349 4400 372 4454 P
394 4421 429 4447 =
446 4399 532 4455 codex
550 4401 653 4470 Regius
671 4401 748 4456 5766.
1257 4420 1274 4460 o
1301 4423 1334 4449 =
1353 4401 1440 4457 codex
1458 4401 1555 4471 Regin.
1573 4401 1663 4458 Vatic.
1680 4401 1740 4456 697.

350 4469 375 4523 R
398 4491 431 4516 =
448 4469 535 4524 codex
552 4469 802 4527 Rottendorfiauus.
1259 4496 1276 4545 φ
1304 4493 1336 4518 =
1353 4470 1441 4526 codex
1459 4470 1540 4527 Voss.
1558 4471 1653 4527 minor.

340 4545 367 4662 C
397 4559 430 4586 =
447 4537 535 4594 codex
551 4539 737 4596 Buslidianus.
1142 4561 1148 4568 ·
1324 4541 1430 4596 Deinde
1449 4541 1628 4596 Nonianos
1645 4539 1702 4596 his:

363 4607 483 4664 ibrorum
500 4611 679 4678 posteriorum
698 4609 865 4666 VIII-XX:
1257 4609 1279 4664 1²
1302 4631 1336 4658 =
1354 4610 1440 4666 codex
1457 4611 1585 4666 Laurent.
1603 4610 1673 4665 lllor.

351 4693 365 4732 r
396 4699 430 4724 =
448 4677 535 4732 codex
552 4680 653 4747 regius.
1257 4679 1281 4734 Ι,
1304 4701 1338 4727 =
1355 4681 1442 4735 codex
1460 4680 1602 4734 leidensis
1620 4675 1661 4732 73.

351 4747 374 4802 L
398 4767 431 4794 =
449 4747 536 4802 codex
554 4747 706 4803 Vossianus
723 4749 815 4805 maior.
1260 4747 1287 4803 V
1306 4770 1338 4795 =
1355 4751 1442 4805 codex
1461 4749 1613 4804 Vossianus
1633 4748 1691 4804 116.

350 4815 374 4870 Β
397 4837 431 4862 =
447 4816 535 4872 codex
553 4817 707 4872 Beroensis.
1260 4817 1338 4873 W:
1356 4820 1443 4874 codex
1460 4817 1737 4874 Wolfcnbuttclauus.

287 4884 412 4953 Denique
430 4901 498 4942 usus
517 4903 578 4941 sum
598 4885 765 4942 editionibus
783 4885 904 4942 Liuianis
922 4885 1090 4957 Alschefski,
1108 4886 1261 4959 Kreyssigi,
1279 4886 1483 4944 Weissenborni
1510 4888 1649 4943 ffiseiano
1667 4886 1767 4953 Hermi,
1780 4883 1916 4943 llaorobio

200 4951 268 5023 laul,
286 4953 417 5012 Diomede
436 4956 470 5026 Il.
488 4957 568 5024 Korn,
586 4957 694 5014 Seneca
711 4955 830 5011 Fickertl
848 4969 995 5026 eorumque
1012 4957 1141 5014 librorum
1158 4973 1241 5014 mauu
1258 4959 1420 5026 scriptorum
1438 4929 1510 5026 sigla
1527 4957 1665 5026 adoptaui

1715 5045 1754 5111 2*
