4366 5630
905 425 1104 522 Α-

230 627 567 698 10⁵·*Gellarlta
599 629 713 692 VIIII
736 631 784 712 13,
817 629 840 692 4
864 649 948 710 sqq:
997 623 1074 702 Quis
1105 627 1206 698 bostis
1239 627 1350 709 (Manli
1382 623 1548 711 Torquati)
1581 632 1614 692 et
1641 625 1732 709 quid'
1749 649 1860 713 genus,

146 753 242 816 quam
262 731 480 799 formidandae
501 731 662 798 uastitatis
684 735 717 796 et
738 735 890 814 quantum
916 729 1058 798 insolens
1083 737 1271 814 prouocatur
1293 736 1325 796 et
1346 729 1483 822 cuimodi
1509 729 1604 795 fuerit
1624 748 1734 814 pugna
1756 730 1861 798 decer·

146 843 255 920 tatum,
289 834 328 914 Q.
350 834 503 901 claudius
529 835 630 918 primo
657 833 820 899 annalium
846 831 1014 917 purissime
1041 839 1137 915 atque
1164 833 1388 898 inlustrissime
1415 832 1615 916 simplicique
1642 839 1675 898 et
1700 833 1861 919 incompta

147 939 297 1005 orationis
319 938 474 1020 antiquae,
491 941 649 1004 suauitate
679 935 858 1020 descripsit
882 969 920 980 -
944 935 1050 1000 Verba
1070 934 1109 1013 Q.
1131 935 1253 1020 Claudi,
1282 937 1395 1018 quibus
1421 937 1531 1021 pugna
1557 936 1621 1002 ista
1648 936 1776 1020 depicta
1801 943 1859 1020 est,

145 1043 316 1110 adseribsi:
361 1042 440 1108 (lum
466 1040 592 1106 interim
614 1039 727 1106 Gallus
754 1037 883 1120 quidam
907 1036 1012 1103 nudus
1039 1044 1165 1122 praeter
1192 1047 1315 1106 scutum
1338 1045 1370 1105 et
1390 1040 1516 1123 gladios
1545 1038 1607 1104 duo
1634 1045 1744 1122 torque
1766 1046 1861 1122 atque

146 1145 278 1212 armillis
306 1144 474 1211 decoratus
502 1143 667 1228 prooessit,
695 1142 748 1223 qui
770 1148 803 1206 et
823 1141 943 1206 uiribus
965 1147 999 1206 et
1018 1141 1237 1224 magnitudine
1259 1149 1291 1208 et
1312 1141 1532 1208 adulescentia
1563 1143 1719 1224 simulque
1745 1143 1861 1209 uirtute

146 1247 260 1313 ceteris
287 1248 470 1313 antistabat
514 1246 542 1312 is
564 1245 702 1311 maxime
728 1245 849 1330 proelio
876 1252 1030 1310 commoto
1061 1251 1157 1326 atque
1184 1245 1325 1327 utrisque
1353 1265 1474 1311 summo
1502 1245 1607 1310 studio
1634 1245 1859 1328 pugnantibus,

144 1351 290 1416 manibus
312 1349 493 1434 significare
513 1349 619 1433 coepit
640 1348 790 1431 utrisque,
812 1347 1020 1429 quiescerent.
1062 1348 1195 1431 Pugnae
1215 1345 1301 1413 facta
1323 1368 1426 1433 pausa
1441 1354 1500 1415 cst.
1543 1347 1712 1432 Extemplo
1733 1340 1860 1413 silentio

142 1453 228 1518 laete
250 1434 322 1519 cum
342 1473 421 1519 uoce
443 1453 582 1518 maxima
603 1452 789 1532 conclamat,
812 1449 926 1530 siquis
948 1469 1055 1516 secum
1077 1451 1261 1535 depugnare
1276 1451 1383 1534 uellet,
1405 1451 1452 1516 uti
1473 1451 1623 1535 prodiret.
1650 1469 1743 1515 nemo
1765 1448 1861 1514 aude·

143 1557 200 1621 bat
225 1562 353 1641 propter
378 1555 628 1640 magnitudinem
659 1561 754 1636 atque
786 1553 1006 1619 inmanitatem
1038 1553 1147 1620 facies.
1186 1554 1303 1620 deinde
1329 1555 1441 1624 Gallus
1467 1539 1606 1620 inridere
1633 1553 1738 1638 coepit
1766 1560 1861 1634 atque

144 1661 287 1744 linguam
308 1667 462 1728 exertare.
505 1659 538 1724 id
559 1658 663 1725 subito
684 1655 875 1742 perdolitum
896 1663 945 1722 est
959 1657 1085 1722 cuidam
1098 1658 1170 1722 lito
1185 1657 1313 1742 Manlio,
1336 1675 1458 1724 summo
1480 1676 1598 1741 genere
1618 1663 1717 1740 gnato
1739 1661 1860 1720 tantum

230 1897 295 1967 ibb-
329 1903 540 1978 deeertatumq3
569 1901 680 1962 olandia
706 1901 767 1961 rB
781 1897 812 1961 L
837 1899 842 1978 Ι
871 1899 968 1958 Verba
994 1895 1042 1979 Q]
1076 1897 1199 1976 uerbaq3
1234 1895 1332 1958 rLB
1344 1923 1368 1976 φ
1400 1894 1406 1976 Ι
1434 1893 1547 1982 Claudi]
1579 1900 1614 1958 el.
1638 1895 1732 1958 rLB
1763 1896 1768 1974 Ι
1798 1896 1857 1957 nut'

145 2003 177 2065 L
190 2004 223 2066 B
236 2026 314 2086 apr.
328 2025 404 2085 m.q>
424 2005 429 2082 Ι
452 2009 548 2080 preter
571 2003 622 2076 ΡΙ
645 2003 759 2079 gladios
783 2002 889 2079 detersi
911 2000 944 2062 B
966 2021 1100 2082 cupreae.
1126 2023 1199 2082 cup„
1214 2018 1261 2059 os:
1285 2003 1298 2058 t
1319 2000 1393 2058 duos
1412 1999 1417 2075 Ι
1442 2004 1545 2076 torque
1573 2021 1632 2063 om..
1649 1995 1679 2060 G
1696 1999 1747 2078 Vl
1772 2005 1859 2076 atque

146 2129 206 2167 om.
229 2107 263 2167 B
283 2107 288 2187 Ι
311 2109 419 2183 quiex
444 2107 554 2166 uiribus
575 2105 607 2167 L
628 2103 633 2188 Ι
656 2107 849 2166 adolescentie
879 2109 957 2186 (sup.
980 2122 996 2164 e
1018 2102 1129 2182 soaa)
1167 2103 1228 2182 Vq>
1252 2103 1257 2180 Ι
1280 2102 1440 2162 adoleretia
1461 2101 1494 2163 B
1514 2103 1519 2179 Ι
1545 2103 1727 2162 antistitabat
1748 2124 1765 2161 r
1786 2105 1859 2164 auti·

145 2209 244 2268 stabat
265 2206 344 2292 (sup).
367 2211 378 2268 i
398 2229 455 2271 aar.
478 2211 507 2284 e)
528 2209 562 2269 B
577 2209 743 2290 antestabat
757 2207 789 2268 P
800 2209 984 2267 antistabatis
998 2206 1121 2265 maxime
1137 2203 1167 2265 L
1187 2206 1192 2286 Ι
1211 2206 1301 2281 prelio
1318 2202 1348 2265 L
1363 2205 1422 2286 pilio
1442 2202 1548 2266 GBP
1563 2202 1568 2287 Ι
1586 2206 1734 2281 utriusque
1750 2225 1859 2267 summo

144 2337 169 2390 φ
188 2312 195 2390 Ι
213 2315 290 2370 meto
312 2310 369 2372 rB
384 2319 466 2372 como
485 2308 586 2372 GPL
607 2312 612 2386 Ι
635 2311 712 2385 oepit
726 2307 758 2370 L
775 2309 876 2370 VPB
891 2311 1025 2388 caepitq)
1044 2309 1049 2386 Ι
1067 2305 1207 2388 utrisque]
1222 2307 1315 2369 LrB
1327 2310 1441 2384 utrique
1463 2305 1567 2370 VPG
1588 2311 1722 2386 ubisque
1741 2307 1823 2388 colq.
1855 2309 1858 2389 Ι

143 2415 284 2489 extimplo
313 2413 380 2474 VP
398 2416 529 2490 exemplo
552 2411 583 2473 L
595 2438 620 2492 φ
632 2412 798 2493 apr.ur.B
826 2409 831 2494 Ι
852 2414 976 2473 maxime
997 2439 1021 2491 φ
1041 2413 1047 2488 Ι
1064 2413 1226 2472 conclamat
1247 2407 1340 2470 BLr
1359 2411 1364 2490 Ι
1382 2412 1548 2487 depugnare
1562 2414 1606 2471 uti
1626 2415 1713 2476 uellet
1734 2414 1860 2488 prodiret

143 2534 230 2576 nemo
252 2513 284 2576 L
304 2516 310 2596 Ι
327 2516 417 2576 facies
438 2517 471 2576 P
488 2517 572 2576 faciei
592 2513 654 2574 rB
675 2514 738 2579 uid.
764 2513 841 2578 Gall
871 2515 986 2576 VIIII
1005 2519 1054 2592 14,
1078 2523 1109 2574 1:
1134 2514 1219 2587 Quod
1234 2517 1330 2573 autem
1345 2531 1432 2589 supra
1447 2515 1585 2589 scriptum
1600 2519 1644 2574 est
1658 2516 1688 2574 in
1704 2514 1746 2587 Q:
1757 2515 1859 2575 Claudi

143 2618 256 2684 uerbis:
299 2619 433 2697 ,Propter
453 2618 679 2694 magnitudinem
701 2623 789 2692 atque
809 2619 1008 2678 inmanitatem
1030 2616 1127 2677 laeies‘
1162 2618 1193 2676 id
1220 2634 1274 2675 nos
1301 2617 1412 2692 aliquot
1442 2618 1588 2677 ueteribus
1614 2618 1696 2677 libris
1723 2618 1860 2692 inspectis

143 2721 359 2797 explorauimus
390 2725 477 2797 atque
509 2722 550 2780 ita
575 2737 649 2800 esse,
681 2725 714 2779 ut
740 2721 878 2796 scriptum
905 2725 958 2800 est,
990 2721 1189 2797 comperimus.
1217 2753 1257 2766 —
1284 2719 1442 2795 Corruptos
1470 2724 1567 2780 autem
1599 2720 1740 2796 quosdam
1771 2721 1860 2778 libros

145 2825 268 2903 repperi,
301 2825 456 2900 inquibus
482 2821 586 2901 ,faciei‘
608 2822 745 2883 scribtum
766 2827 820 2901 est,
846 2824 895 2882 illo
923 2824 1001 2899 quod
1028 2827 1095 2882 ante
1125 2823 1261 2882 scribtum
1287 2827 1350 2881 crat
1377 2823 1540 2885 obliterate.
1561 2821 1565 2901 Ι
1585 2823 1686 2882 inrid’e
1708 2821 1767 2883 rL
1780 2823 1821 2883 M
1855 2824 1859 2901 Ι

146 2929 224 3002 cepit
247 2923 388 2987 GBPL
413 2923 420 3006 Ι
442 2927 569 3002 linguam
599 2929 729 2986 exertare
750 2947 768 2983 a
790 2927 889 3002 lingua
915 2944 1047 2987 exerrare
1068 2921 1260 2987 LMBPG
1275 2925 1331 3006 Vqr
1361 2923 1367 3008 Ι
1394 2925 1860 3008 subito1uacsauum.auex·

146 3028 336 3090 cubitori‘?
358 3029 420 3093 uid.
441 3027 517 3090 Liu.
539 3048 575 3089 ex
598 3030 721 3088 statione
742 3030 780 3088 ad
801 3029 969 3091 dictatorem
993 3030 1097 3106 pergit.
1116 3033 1122 3106 Ι
1140 3029 1318 3105 perdelatnm
1340 3027 1393 3108 ΡΙ
1412 3032 1480 3088 nato
1496 3054 1520 3107 φ
1536 3026 1635 3108 (fias
1656 3033 1750 3104 crea.)
1772 3035 1860 3106 gnato

233 3266 289 3320 lssb·
327 3268 402 3318 Verbo
426 3262 480 3319 Vbi
506 3278 569 3318 eum
594 3265 695 3320 euertit
718 3295 751 3303 -
775 3266 803 3319 in
825 3266 925 3321 collum
948 3263 1061 3332 imponit
1085 3267 1197 3318 aGcllr'o
1220 3267 1350 3330 nsmipsr't
1373 3265 1473 3317 Nouius
1501 3267 1510 3324 Ι
1515 3286 1543 3333 p.
1566 3261 1618 3316 227
1643 3264 1691 3318 ΜΛ
1721 3264 1860 3334 ,Claudius

145 3351 342 3419 Quadrigarius
360 3349 518 3406 describens
535 3350 628 3404 llanlii
645 3352 777 3419 Torquati
793 3368 922 3421 pugnam.
958 3351 1013 3406 Vbi
1030 3366 1052 3405 ar
1071 3374 1095 3419 q.
1112 3351 1144 3414 s.)
1158 3382 1190 3392 -
1203 3353 1244 3402 Er
1261 3353 1342 3402 sodes
1354 3352 1458 3402 Claudio
1476 3371 1523 3402 aaa
1541 3355 1642 3418 sumpsit
1654 3353 1711 3404 Lia
1731 3354 1783 3403 m
1792 3350 1816 3420 9,
1829 3349 1860 3404 6:

144 3439 271 3496 Dictator
288 3438 329 3502 (T.
346 3437 490 3503 Quinctius
508 3437 630 3503 Pennus)
653 3453 714 3493 cnm
732 3439 868 3494 tumultus
886 3437 983 3494 Gallici
1000 3453 1085 3493 causa
1109 3436 1243 3492 iustitium
1268 3434 1407 3505 edixisset,
1430 3451 1525 3492 omnes
1547 3437 1666 3492 iuniores
1690 3443 1861 3493 sacramento

145 3526 242 3596 adegit
264 3523 423 3593 ingentique
447 3525 568 3580 exercitu
592 3524 628 3580 ab
653 3519 720 3581 urbe
742 3525 882 3595 proiectus
904 3527 933 3580 in
957 3525 1080 3580 citeriore
1105 3525 1164 3592 ripa
1181 3521 1297 3578 Anienis
1320 3528 1412 3578 castra
1437 3524 1536 3591 posuit
1561 3539 1631 3593 pons
1647 3524 1675 3578 in
1693 3523 1784 3579 medio
1801 3530 1862 3580 erat

144 3612 251 3668 neutris
275 3626 338 3666 eum
360 3610 555 3680 rumpentibus,
581 3626 614 3666 ue
639 3612 743 3668 timoris
765 3613 894 3668 iudicium
918 3617 1000 3667 esset
1028 3610 1131 3679 proelia
1154 3609 1190 3664 de
1213 3609 1373 3679 occupando
1397 3615 1481 3678 ponte
1505 3610 1602 3666 crebra
1625 3617 1711 3679 arant,
1737 3625 1789 3666 nec
1813 3612 1861 3679 qui

144 3700 304 3768 potirentur,
332 3697 442 3752 incertis
460 3697 564 3753 uiribus
588 3698 657 3754 satis
674 3698 792 3755 discerni
808 3703 923 3768 poterat
952 3703 1011 3753 tum
1027 3697 1126 3752 eximia
1143 3696 1263 3764 corporis
1286 3696 1534 3766 magnitudine
1558 3699 1587 3752 in
1610 3712 1728 3753 uacuum
1751 3703 1860 3766 pontem

146 3785 275 3841 (lellus
300 3784 497 3854 prooessit,
520 3789 549 3840 et
573 3789 705 3851 qnantum
728 3786 886 3841 maxima
909 3799 997 3840 uoce
1019 3784 1109 3852 potuit
1130 3797 1220 3853 ,quern
1241 3785 1330 3852 nuno‘,
1354 3783 1444 3851 inquit
1466 3784 1561 3853 ,Roma
1577 3784 1665 3838 uirum
1683 3781 1860 3840 fortissimum

145 3871 237 3938 habet,
260 3871 392 3940 procedat
414 3871 532 3940 agedum
551 3871 587 3926 ad
604 3877 734 3940 pugnam,
762 3878 793 3926 ut
809 3878 902 3928 nestas
918 3872 1034 3928 duorum
1051 3875 1168 3926 euentus
1185 3869 1321 3938 ostendat,
1347 3875 1409 3925 ntra
1426 3885 1495 3940 gens
1512 3869 1584 3925 bello
1601 3870 1638 3924 sit
1661 3871 1770 3926 melior‘.
1805 3873 1860 3928 Diu

146 3958 218 4012 inter
244 3958 376 4025 primores
400 3958 527 4013 iuuenum
552 3958 735 4012 Romanorum
760 3958 898 4014 silentium
920 3957 980 4028 fuit,
1007 3974 1069 4012 oum
1091 3963 1121 4012 et
1144 3957 1263 4012 abnuere
1285 3961 1423 4012 certarnen
1447 3962 1612 4024 uererentur,
1636 3962 1665 4011 et
1686 3959 1860 4027 praecipuam

145 4051 247 4100 sortem
265 4043 378 4112 periculi
394 4051 486 4113 petere
502 4045 614 4100 nollent
637 4049 695 4098 turn
712 4045 743 4100 T.
761 4045 878 4100 blanlius
895 4046 924 4100 L.
942 4043 1024 4114 filins,
1049 4046 1096 4113 qui
1113 4051 1218 4113 patrem
1236 4059 1253 4098 a
1270 4043 1416 4098 uexatione
1440 4042 1585 4098 tribunicia
1609 4043 1804 4115 uindicavcrat,
1827 4063 1861 4100 ex

145 4132 265 4186 statione
283 4131 319 4186 ad
336 4131 496 4187 dictatorem
513 4131 617 4201 pergit:
642 4133 757 4198 ,iniussu
774 4133 831 4188 tuo‘
848 4133 944 4202 inquit,
968 4131 1129 4201 imperator,
1152 4137 1230 4186 extra
1249 4130 1371 4186 ordinem
1388 4145 1535 4197 numquam
1553 4131 1741 4201 pugnaverim,
1764 4147 1819 4186 uon
1837 4133 1860 4186 si

145 4223 247 4273 certam
272 4217 414 4273 uictoriam
439 4218 561 4274 uideam.
591 4219 615 4273 si
632 4224 664 4274 tn
682 4219 823 4288 permittis,
850 4219 913 4275 uolo
937 4233 990 4287 ego
1013 4217 1052 4271 illi
1076 4218 1174 4290 beluae
1198 4216 1351 4290 ostendere,
1378 4216 1487 4284 quando
1514 4217 1684 4274 adeo'lerox
1706 4219 1860 4286 praesultat

146 4304 265 4360 bostium
283 4304 377 4373 signis,
395 4318 438 4358 me
456 4319 490 4359 ex
508 4317 545 4359 ea
559 4302 661 4361 familia
677 4311 774 4368 ortum,
791 4321 863 4374 quae
875 4306 1013 4362 Gallorum
1031 4319 1129 4373 agmen
1147 4320 1181 4360 ex
1199 4319 1268 4372 rupe
1284 4303 1401 4372 Tarpeia
1417 4302 1534 4362 deiecit‘.
1553 4310 1611 4360 tum
1629 4305 1746 4360 dictator
1763 4311 1860 4374 ‚macte

146 4393 257 4447 uirtute‘
275 4391 364 4459 inquit
381 4405 423 4459 ,ac
434 4391 536 4458 pietate
548 4391 575 4446 iu
587 4397 693 4460 patrem
705 4392 883 4462 patriamque,
901 4393 932 4447 T.
945 4392 1036 4460 Manli,
1053 4397 1122 4447 esto.
1142 4406 1226 4460 perge
1238 4396 1267 4444 et
1279 4405 1376 4446 nomen
1387 4391 1539 4446 Romanum
1551 4392 1683 4448 inuictum
1700 4391 1859 4448 iuuantibus

145 4478 198 4533 diis
216 4477 346 4548 praesta‘.
364 4483 473 4531 armant
489 4477 553 4532 inde
571 4478 698 4534 iuuenem
715 4479 859 4546 aequales:
877 4479 1045 4548 pedestre
1064 4483 1201 4533 scutum
1219 4478 1300 4546 capit,
1323 4477 1483 4546 Hispano
1502 4478 1667 4546 cingitur
1684 4477 1806 4546 gladic
1825 4479 1861 4534 ad

145 4567 296 4634 propiorem
312 4564 397 4620 habili
414 4578 549 4632 pugnam
567 4571 702 4621 armatum
719 4566 936 4634 adornatumque
952 4565 1087 4620 aduersus
1104 4565 1213 4620 Gallum
1229 4562 1328 4618 stolide
1346 4563 1450 4619 laetum
1469 4569 1498 4618 et
1516 4595 1548 4606 -
1560 4563 1689 4631 quoniam
1706 4562 1734 4617 id
1751 4579 1861 4633 quoque
1879 4555 1880 4560 ἵ

145 4651 275 4708 memoris
296 4651 410 4720 dignum
427 4651 548 4718 antiquis
566 4652 655 4708 uisum
673 4657 766 4708 est-
784 4653 943 4722 linguam
967 4653 1071 4707 etiam
1096 4651 1137 4707 ab
1160 4649 1275 4706 inrisu
1298 4655 1523 4706 exserentem
1539 4650 1701 4719 producunt
1728 4651 1861 4719 recipiunt

144 4737 208 4792 inde
225 4753 255 4794 se
274 4739 311 4794 ad
328 4735 482 4808 stationem,
508 4743 537 4794 et
554 4738 609 4794 duo
626 4739 654 4793 iu
672 4739 761 4795 medio
783 4739 881 4794 armati
905 4739 1055 4807 spectaculi
1075 4739 1164 4808 magis
1187 4753 1261 4794 more
1280 4753 1362 4806 qnam
1380 4738 1442 4807 lege
1459 4736 1522 4791 belli
1541 4735 1736 4807 destituuntur,
1761 4753 1859 4806 nequa-

145 4837 227 4890 quam
244 4825 307 4881 uisu
324 4840 358 4880 ac
375 4825 467 4894 specie
485 4824 692 4881 aestimantibus
709 4841 798 4895 pares.
823 4841 921 4894 eorpus
939 4826 1018 4880 alteri
1041 4825 1227 4894 magnitudine
1245 4825 1381 4894 eximium,
1406 4824 1563 4880 uersicolori
1579 4827 1658 4878 ueste
1680 4823 1814 4893 pictisque
1832 4831 1861 4880 et

147 4924 215 4972 anre
232 4910 345 4968 caelatis
362 4911 503 4982 refulgens
520 4912 618 4968 armis:
643 4912 732 4967 media
751 4912 780 4966 in
797 4911 883 4968 altero
900 4913 1024 4970 militaris
1049 4917 1157 4968 statura
1178 4910 1340 4980 modicaque
1356 4913 1384 4967 in
1402 4910 1484 4967 armis
1508 4906 1644 4966 habilibus
1666 4911 1754 4980 magis
1778 4925 1860 4979 quam
