4366 5630
1102 382 1142 447 18

262 581 468 668 modesteque
490 579 631 668 obuiam;
666 589 698 648 et
719 581 964 667 congrediuntur
985 590 1018 649 et
1039 585 1216 652 consistunt
1236 591 1268 650 et
1289 583 1535 650 conserebantur
1554 583 1620 650 iam
1640 603 1763 651 manus.
1806 583 1911 668 Atque
1931 581 1976 648 ibi

262 685 313 752 uis
334 685 493 769 quaedam
520 685 629 752 diuina
655 684 704 751 tit:
737 705 850 753 coruus
878 693 1010 771 repente
1035 687 1216 773 inprouisus
1245 685 1376 752 aduolat
1398 693 1430 752 et
1451 706 1548 772 super
1568 688 1696 772 galeam
1718 687 1835 754 tribuni
1854 685 1975 752 insistit

263 795 359 872 atque
379 787 455 854 iude
476 787 510 852 iu
531 787 708 870 aduersarii
735 807 772 854 os
793 795 890 872 atque
916 789 1024 856 oeulos
1050 809 1194 874 pugnare
1220 791 1343 876 iucipit3
1376 789 1526 874 insilibat,
1553 791 1742 858 obturbabat
1763 798 1796 856 et
1815 789 1973 874 unguibus

262 911 391 957 manum
411 890 553 956 laniabat
574 898 606 956 et
626 897 829 977 prospectum
850 892 911 957 alis
925 893 1063 958 arcebat
1087 901 1192 975 atque,
1223 892 1277 958 ubi
1303 891 1382 960 satis
1410 892 1578 976 saeuierat,
1609 894 1774 961 reuolabat
1794 893 1827 958 iu
1848 892 1976 976 galeam

262 994 388 1060 tribuni
433 992 486 1060 Sic
508 993 651 1060 tribunus
684 1001 849 1078 spectante
874 1003 1006 1078 unoque
1033 995 1174 1061 exercitu
1206 1003 1238 1062 et
1259 1015 1319 1070 sua
1344 995 1461 1062 uirtute
1485 995 1581 1062 nixus
1609 1003 1642 1062 et
1669 1015 1768 1081 opera
1794 994 1880 1061 alitis
1907 1013 1976 1079 pro

263 1105 423 1182 pugnatus
457 1096 570 1164 ducem
598 1095 736 1163 hostium
760 1097 992 1164 ferocissimum
1017 1098 1094 1164 uicit
1119 1098 1338 1182 interfecitque
1359 1105 1455 1182 atque
1477 1100 1516 1165 ob
1539 1098 1622 1164 banc
1643 1119 1775 1165 cauam
1801 1115 1976 1181 cognomen

263 1199 374 1266 habuit
395 1199 562 1266 Coruinus.
606 1197 645 1265 ld
666 1197 785 1265 factum
807 1207 857 1266 est
877 1201 971 1268 aunis
992 1200 1232 1286 quadringentis
1252 1201 1392 1286 quinque
1412 1208 1487 1286 post
1506 1201 1638 1268 Romam
1659 1201 1830 1268 conditam.

348 1301 398 1373 lt.
446 1301 525 1369 Gall.
546 1325 577 1366 a.
600 1304 666 1366 Att.
688 1301 803 1366 XVII
822 1307 851 1386 2,
872 1307 909 1370 4:
954 1304 1060 1370 Verba
1082 1323 1122 1369 ex
1144 1303 1181 1382 Q„
1204 1303 1318 1371 Claudi
1344 1305 1443 1384 primo
1470 1303 1593 1370 annali:
1615 1345 1660 1356 -
1679 1304 1737 1387 Ea,
1765 1303 1876 1388 iuquit,
1902 1299 1979 1379 dum

263 1405 350 1490 fiunt,
371 1407 476 1473 Ladui
498 1407 633 1472 subnixo
655 1405 761 1471 animo
787 1403 887 1493 [Noa.
907 1432 933 1476 a.
955 1433 984 1472 ο.
1006 1409 1166 1471 sububam
1179 1432 1223 1492 ρ.
1236 1409 1314 1474 405:
1337 1409 1358 1486 †
1380 1405 1508 1474 Coelius
1530 1407 1639 1474 annali
1656 1408 1689 1472 ΙΙτ
1712 1407 1761 1472 lla
1778 1404 1886 1472 latini
1907 1403 1978 1470 sub·

263 1509 339 1576 nixo
361 1505 478 1596 animo]
501 1510 522 1587 †
543 1527 583 1574 ex
604 1507 738 1574 uictoria
758 1509 853 1575 inerti
874 1510 1041 1576 consilium
1062 1510 1181 1576 ineunt.

186 1595 251 1680 ³202
353 1609 423 1681 ra·
444 1611 520 1677 aa
552 1611 648 1675 Vrrr
671 1613 721 1694 19,
746 1615 798 1680 12:
843 1611 1049 1680 conlaudate
1075 1612 1238 1678 mnsam
1266 1611 1377 1678 sonsa
1408 1609 1457 1696 (u.
1479 1611 1623 1678 seusus
1645 1607 1771 1696 Venox)
1802 1609 1979 1692 nauaque

189 1690 242 1748 ⁴²⁴
268 1715 402 1782 Romam
426 1713 544 1796 missis,
574 1713 608 1778 iu
636 1711 740 1781 officio
765 1715 939 1784 Fundanos
966 1737 1049 1800 esse,
1074 1716 1117 1781 ad
1137 1715 1321 1782 Priuernum
1343 1713 1432 1780 flexit
1452 1714 1521 1782 iter.
1552 1714 1641 1800 prius
1668 1713 1924 1780 animaduersum
1945 1711 1980 1776 in

270 1836 333 1903 eos,
360 1816 415 1901 qui
436 1816 543 1900 capita
570 1815 795 1884 coniurationis
821 1819 955 1902 fueraut,
978 1841 998 1884 a
1020 1821 1149 1886 consule
1176 1817 1285 1884 scribit
1305 1816 1472 1900 Claudium
1504 1816 1548 1882 ad
1568 1823 1727 1882 trecentos
1749 1815 1980 1901 quinquaginta

268 1939 309 1985 ex
331 1919 501 1987 coniuratis
523 1919 648 1986 uinctos
676 1920 809 1986 Romam
835 1923 961 2004 missos,
994 1942 1127 2006 eamque
1159 1921 1352 1988 deditionem
1379 1921 1419 1986 ab
1446 1927 1561 1987 senatu
1591 1940 1655 1986 non
1686 1927 1860 2005 acceptam
1892 1917 1978 2001 quod

267 2021 430 2106 egentium
451 2029 546 2106 atque
568 2022 733 2088 humilium
756 2043 860 2109 poena
881 2024 1012 2108 defungi
1033 2026 1117 2090 uelle
1138 2025 1327 2091 Fundanum
1349 2024 1538 2093 censuerint.

186 2116 252 2198 ³25,
354 2121 404 2193 lt.
450 2123 529 2194 Geli.
550 2149 579 2193 a.
603 2127 668 2193 Are.
694 2127 748 2191 VI
765 2130 869 2210 (VII)
894 2134 942 2212 11,
966 2131 1001 2196 i:
1045 2127 1257 2194 Consimiliter
1271 2127 1309 2207 Q.
1325 2147 1450 2212 quoque
1466 2126 1618 2193 Claudius
1639 2125 1674 2192 in
1694 2126 1795 2211 primo
1817 2126 1980 2191 annalium

193 2212 245 2266 ⁴²⁸
268 2227 464 2311 ,nequitiam‘
484 2228 660 2312 appellauit
681 2229 790 2296 luxum
811 2231 897 2296 uitae
918 2231 1086 2316 prodigum
1108 2229 1304 2314 effusumque
1323 2231 1357 2295 in
1378 2229 1467 2296 hisce
1488 2229 1608 2296 uerbis:
1634 2229 1834 2296 Persuadent
1853 2227 1980 2294 cuidam

268 2328 465 2397 adulescenti
479 2331 619 2410 Lucano,
639 2331 695 2415 qui
709 2333 851 2418 adprime
874 2355 996 2402 summo
1017 2353 1136 2418 genere
1156 2341 1273 2418 gustus
1295 2340 1372 2417 erat,
1395 2333 1453 2400 sed
1467 2332 1593 2398 luxuria
1606 2339 1639 2398 et
1655 2333 1798 2416 nequitia
1811 2331 1980 2416 pecuniam

231 2523 235 2532 1
265 2453 418 2520 magnam
439 2442 689 2519 consumpserat

269 2593 329 2632 om.
351 2571 393 2633 M
406 2571 413 2652 1
430 2573 613 2633 aduersarios
634 2577 722 2650 atque
748 2594 853 2656 repr.
865 2595 906 2635 m.
923 2596 1000 2640 corr.
1015 2595 1071 2636 ser.
1086 2595 1127 2637 ra.
1149 2573 1321 2634 aduersariis
1342 2577 1429 2650 atque
1449 2568 1597 2634 DBVG
1615 2571 1620 2650 Ι
1639 2569 1750 2652 incipit]
1770 2573 1848 2648 cepit
1868 2571 1922 2650 ΡΙ
1939 2573 1980 2632 in·

269 2674 383 2734 sitiebat
403 2672 463 2736 La
477 2697 535 2740 aee.
550 2697 589 2736 m.
606 2673 641 2737 B
657 2697 796 2742 aream.
818 2678 946 2738 insilibat
966 2677 1055 2760 PVl
1082 2678 1312 2752 obturbabatquo
1331 2693 1400 2752 ung.
1421 2673 1455 2735 P
1472 2673 1646 2734 obturbabat
1665 2692 1733 2751 ung.
1762 2674 1795 2734 V
1819 2673 1824 2755 1
1853 2673 1980 2758 manum]

269 2777 370 2856 asapia
391 2777 469 2837 milri
482 2776 622 2860 placeret
642 2781 752 2840 uoltum
773 2779 835 2840 uid.
857 2777 947 2845 Lim:
970 2799 1003 2842 os
1024 2782 1179 2858 oculosque
1204 2780 1296 2841 bostis
1317 2781 1410 2838 rostro
1431 2781 1461 2838 et
1481 2778 1624 2854 unguibus
1650 2777 1763 2854 appetit
1786 2774 1792 2855 Ι
1815 2775 1881 2858 alis]
1908 2779 1981 2838 alias

269 2877 358 2940 rPM
374 2880 437 2939 alas
464 2878 527 2943 VG
545 2879 551 2960 Ι
568 2882 716 2942 reuolebat
737 2881 788 2964 Vl
807 2881 920 2965 ducem]
943 2885 1027 2945 ducet
1050 2883 1079 2941 V
1094 2884 1101 2963 Ι
1118 2900 1193 2943 anno
1213 2881 1494 2960 quadringentesimo
1507 2881 1607 2957 quinto
1627 2875 1747 2942 Ganno
1762 2880 1981 2957 quadragesimo

269 2981 370 3058 quinto
398 2980 572 3047 V.oooo.v.
593 2983 634 3050 P.

355 3078 406 3150 18.
449 3085 511 3144 sub.
526 3085 603 3145 mixo
624 3111 649 3159 φ
670 3083 748 3166 (carp.
770 3104 791 3144 x
811 3086 914 3168 εονίρι,
934 3087 960 3164 t)
983 3087 1135 3147 subnisor
1158 3085 1164 3166 Ι
1182 3087 1334 3146 annalibus
1354 3085 1378 3146 1.
1399 3082 1432 3145 L
1454 3081 1492 3169 le
1513 3085 1612 3145 latinis
1634 3081 1983 3146 commitstuntur

269 3185 351 3268 uoq.
373 3191 410 3248 et
430 3188 608 3248 uictoriae
628 3188 720 3248 certi
744 3183 867 3252 Cantor.

356 3287 405 3357 14.
449 3292 487 3352 ad
509 3293 568 3352 cccl
583 3310 619 3352 ex
634 3293 790 3360 coniuratis
803 3290 887 3356 Med.
905 3287 912 3371 Ι
930 3291 1107 3352 dedicionem
1128 3288 1211 3355 Mae.
1231 3287 1237 3374 Ι
1255 3291 1427 3352 Fundanum
1448 3293 1586 3368 populum
1607 3306 1686 3356 cens.
1706 3288 1740 3349 P
1751 3296 1879 3372 practer
1898 3283 1983 3350 Med.

273 3404 302 3456 ct
322 3381 448 3459 Loa'e
471 3391 544 3455 libri
562 3391 795 3470 Atrebefeiiaar'.
1745 3471 1749 3482 ι

357 3493 408 3563 15.
450 3493 500 3579 Q]
523 3517 543 3575 q
568 3494 633 3557 VR
653 3481 690 3568 Q.
713 3495 745 3556 P
762 3490 768 3576 Ι
785 3495 969 3571 persuadenti
991 3492 1065 3555 libri
1084 3495 1258 3570 persuadent
1270 3497 1381 3579 am'par'
1393 3493 1513 3556 conlato
1528 3494 1624 3557 Lirtt'o
1646 3495 1678 3555 ia
1699 3515 1776 3557 mua.
1791 3492 1888 3556 therr.
1904 3509 1983 3550 nouo

274 3597 392 3663 XVII.
409 3620 446 3683 p.
469 3601 528 3661 152
550 3593 739 3682 lpeeouuiam
768 3597 804 3664 V.
1289 3607 1293 3616 ’

274 3729 406 3800 mirabile,
430 3732 519 3788 conob
534 3747 589 3787 nou
606 3731 694 3786 solum
713 3729 771 3786 ales
788 3733 896 3797 captam
920 3728 1005 3784 semel
1023 3727 1123 3800 sedem
1146 3730 1197 3786 sed
1214 3729 1457 3800 quotienscumque
1478 3735 1615 3786 certamen
1640 3729 1738 3784 initum
1764 3733 1817 3796 est,
1843 3726 1939 3780 leuans
1957 3738 1987 3780 se

276 3815 328 3870 alis
345 3831 381 3872 os
399 3819 595 3886 oculosque
618 3816 734 3872 bostis
751 3821 840 3871 rostro
858 3821 886 3870 et
903 3815 1043 3884 unguibus
1061 3816 1171 3886 appetit,
1195 3815 1283 3871 donee
1300 3817 1421 3872 territum
1440 3815 1558 3887 prodigii
1575 3815 1639 3870 talis
1657 3815 1720 3870 uisu
1749 3813 1891 3879 oculisque
1908 3810 1988 3866 simul

278 3917 312 3958 ae
327 3906 419 3956 moute
436 3903 575 3960 turbatum
593 3902 719 3959 Valerius
742 3901 896 3958 obtruncat
931 3917 1031 3958 coruus
1047 3917 1082 3958 ex
1098 3906 1247 3970 conspectu
1264 3901 1353 3959 elatus
1370 3902 1500 3958 orientem
1517 3901 1596 3971 petit.
1619 3899 1754 3956 hacteuus
1771 3899 1880 3968 quietae
1898 3897 1989 3954 utrim-

277 4001 331 4057 que
348 3986 484 4043 etationes
501 3989 586 4046 fuere.
609 3995 755 4060 postquam
773 3989 889 4057 spoliem
906 4003 1005 4056 eorpus
1023 3989 1096 4043 caesi
1113 3988 1200 4044 hostis
1217 3987 1343 4044 tribunus
1366 3989 1462 4058 coepit,
1486 4003 1538 4044 neo
1555 3987 1626 4044 Galli
1644 4001 1675 4042 se
1692 3986 1809 4042 eudone
1832 3991 1985 4057 mouerunt,

277 4081 305 4130 et
322 4075 503 4130 Romanorum
522 4091 619 4132 eureus
637 4077 672 4134 sd
685 4076 817 4132 uictorem
829 4074 912 4128 etiam
925 4075 999 4130 ocior
1009 4073 1071 4130 luit
1099 4075 1136 4130 ibi
1153 4075 1226 4131 circa
1242 4074 1357 4132 iacentis
1369 4075 1441 4132 Galli
1458 4089 1557 4142 corpus
1575 4078 1714 4130 mnurcto
1731 4073 1877 4128 certamine
1893 4087 1988 4140 pugna

277 4169 357 4219 atrox
383 4160 541 4217 concitatur.
554 4164 694 4220 -cousul
720 4162 845 4218 contione
874 4159 1010 4216 ffluocata
1036 4160 1178 4217 laudatum
1204 4161 1342 4218 tribunum
1365 4161 1460 4217 decem
1481 4159 1572 4216 bubus
1590 4173 1728 4228 aureaque
1757 4174 1857 4216 corona
1888 4159 1979 4214 donat

269 4253 358 4304 'Video
374 4252 450 4316 iqitur
465 4269 517 4302 eum
533 4252 575 4302 arel
588 4253 613 4301 io
629 4245 730 4304 rrrr'ur'mr'a
747 4254 817 4304 rebus
835 4251 967 4302 consentire
985 4268 1037 4301 rum
1054 4249 1151 4314 Gellia·
1176 4269 1230 4303 mm
1254 4253 1321 4316 quod
1336 4250 1430 4302 Gellius
1448 4251 1478 4302 da
1495 4251 1588 4302 duobus
1607 4250 1744 4300 ementitus
1763 4250 1876 4316 loquitur,
1898 4248 1988 4299 Lr'rrr'ru

216 4365 231 4404 ς
282 4340 312 4390 de
329 4358 385 4405 uuo,
410 4340 488 4389 errori
503 4337 569 4388 Gelli
589 4337 813 4388 tandemtandem
836 4355 891 4388 erec
914 4335 1030 4403 odpdret,·
1054 4339 1136 4404 itaque
1158 4357 1209 4390 mam
1233 4339 1302 4388 obiam
1325 4332 1409 4388 V119
1426 4335 1523 4388 Liuiam
1545 4349 1600 4388 erute
1625 4338 1708 4388 emtor
1730 4337 1844 4387 bobuiau
1861 4335 1988 4388 murdim

278 4426 528 4490 demearmum'ruus,
545 4434 568 4474 et
584 4441 636 4474 eam
652 4423 722 4473 aries
739 4423 777 4474 tte
793 4425 874 4475 eodem
890 4435 988 4474 auctore
1005 4441 1073 4474 uam
1091 4443 1145 4476 esee
1163 4435 1343 4475 consentancum
1360 4435 1408 4492 ert,
1422 4425 1569 4485 alfii-mutar
1586 4424 1633 4474 doe
1649 4441 1767 4474 emersa
1780 4423 1895 4472 senteab'a
1905 4433 1990 4471 aoatm

280 4513 311 4562 de
336 4512 401 4563 Getta·
414 4513 494 4573 sonte.
514 4536 543 4545 —
562 4510 670 4560 Ceterum
692 4509 772 4564 eadm
786 4512 844 4570 sere
867 4510 934 4576 apud
956 4511 1029 4561 Care.
1053 4509 1127 4563 Dr'orr.
1142 4511 1181 4572 sr.
1204 4503 1240 4560 34
1258 4527 1286 4575 p.
1308 4506 1341 4560 27
1367 4507 1400 4560 Β.
1425 4509 1500 4571 (Zoro.
1524 4509 1577 4560 VII
1591 4506 1667 4577 251³·
1683 4505 1719 4562 93
1736 4506 1829 4570 Pina),
1852 4507 1903 4558 olio
1924 4507 1992 4572 apud

280 4599 386 4664 Appiae.
403 4597 459 4648 Geta
479 4591 520 4648 10.
1599 4597 1601 4602 ’

369 4677 410 4735 18.
445 4681 560 4749 Spartace
576 4681 671 4731 uidetur
687 4681 721 4730 od
737 4679 820 4730 tetiam
838 4679 958 4732 Latiarem·
975 4680 1084 4732 Nonium
1100 4699 1146 4732 sao
1163 4682 1331 4746 catapirates
1348 4679 1435 4748 Getta,
1459 4681 1505 4732 red
1521 4701 1552 4732 ea
1568 4683 1630 4735 irbro
1647 4682 1699 4732 eiua
1717 4681 1810 4744 intrem
1828 4691 1891 4730 reeta
1908 4680 1990 4744 surpi-

283 4782 351 4822 eatur
369 4779 406 4819 eet
424 4768 463 4820 II.
480 4767 558 4819 Hertz
573 4768 598 4818 ia
615 4766 688 4817 Iudai
702 4766 782 4818 anmi.
799 4765 848 4816 aot
866 4761 901 4816 85
917 4761 1006 4832 (1862)
1020 4787 1049 4833 p.
1066 4761 1127 4820 721.
1151 4785 1233 4819 acmen
1250 4767 1321 4819 Ocreir'
1338 4786 1387 4834 pro
1404 4767 1508 4820 Claudio
1524 4769 1555 4818 ab
1572 4766 1680 4828 eojulao
1697 4767 1849 4818 subsecutura
1866 4777 1904 4817 ert
1920 4768 1990 4818 mles
