4366 5630
1018 415 1059 482 31

178 617 222 684 ed
247 617 372 684 hostem
398 613 610 700 transfugisse
631 620 664 680 et
684 631 802 699 operae
828 616 963 699 pretium
995 612 1122 681 seciam.
1155 611 1272 680 deinde
1303 612 1380 707 urbe
1412 618 1508 698 capta
1541 613 1665 699 passim
1697 613 1894 684 discurrente

177 719 298 786 uictore
326 718 403 786 illos
434 737 493 803 per
523 724 600 785 nota
629 717 746 783 itinera
775 713 819 782 ad
850 715 986 799 domum,
1019 715 1052 782 in
1083 733 1147 798 qua
1175 714 1361 794 seruicrent,
1392 715 1649 800 praecucurrisse
1675 723 1709 783 et
1733 716 1894 784 dominnm

178 839 271 890 suam
291 828 367 886 ante
395 840 432 888 se
453 821 570 906 egisse.
614 819 837 905 quaerentibus
859 837 1018 902 quaenam
1043 824 1138 900 esset,
1171 817 1331 884 dominam
1358 817 1544 901 etquidem
1572 818 1824 886 crudelissimum
1851 819 1896 888 ad

178 922 371 1007 supplicium
393 923 433 989 ab
453 921 534 1007 ipsis
555 921 631 988 duci
653 919 814 1006 professos
836 939 919 988 esse.
962 918 1109 986 eductam
1135 919 1251 986 deinde
1276 927 1369 986 extra
1387 939 1494 986 muros
1516 941 1640 988 summa
1661 941 1737 988 cura
1758 923 1893 1008 celasse,

178 1024 281 1092 donec
301 1023 426 1091 hostilis
447 1025 496 1090 ira
517 1023 705 1092 consideret
748 1021 865 1090 deinde
885 1028 922 1088 ut
942 1022 1077 1090 satiatus
1098 1023 1191 1090 miles
1219 1021 1281 1088 cito
1303 1022 1347 1087 ad
1366 1022 1527 1089 Romanos
1555 1043 1660 1090 mores
1686 1023 1789 1108 rediit,
1820 1025 1893 1092 illo·

178 1146 304 1212 quoque
325 1125 370 1192 ad
391 1125 466 1194 su'os
488 1127 612 1194 redisse
633 1133 666 1192 et
687 1125 847 1192 dominam
868 1123 930 1191 sibi
950 1125 1038 1212 ipsos
1065 1125 1204 1204 dedisse.
1248 1124 1431 1192 Manumisit
1451 1131 1616 1210 utrumque
1637 1145 1657 1192 e
1678 1123 1816 1208 uestigio
1836 1125 1895 1192 illu

177 1249 238 1298 neo
258 1226 427 1313 indignata
448 1233 500 1296 est
518 1229 560 1294 ab
581 1227 633 1294 his
655 1246 691 1295 se
712 1227 812 1294 uitam
832 1225 1008 1311 accepisse,
1033 1226 1068 1292 in
1089 1246 1169 1311 quos
1194 1227 1280 1294 uitae
1312 1227 1465 1311 necisque
1497 1233 1688 1312 potestatem
1717 1227 1893 1298 habuisset.

795 1377 866 1462 IIII
901 1376 1070 1461 LIBRI)
1103 1377 1278 1461 XVIIII.

261 1515 313 1585 81.
361 1516 438 1583 Geli
459 1517 531 1580 XV
550 1519 580 1600 l,
601 1517 638 1584 5:
681 1516 891 1582 Percontatus
914 1535 974 1600 ego
996 1535 1076 1598 sum,
1097 1515 1174 1600 quid
1195 1522 1282 1584 esset
1295 1517 1375 1584 illud
1388 1517 1500 1584 mirum
1514 1516 1726 1602 Quadrigarii
1760 1517 1892 1604 Repetit
1906 1520 1973 1608 Q

176 1616 344 1704 (lulianus,
359 1616 498 1705 rhetor):
541 1619 580 1684 In
607 1637 645 1683 eo
670 1617 768 1702 igitur
797 1619 877 1685 libro
910 1618 1062 1703 scriptum
1093 1618 1210 1702 inueni,
1244 1638 1315 1686 oum
1344 1620 1543 1704 obpugnaret
1562 1619 1599 1685 L.
1620 1619 1712 1704 Sylla
1738 1619 1773 1686 in
1804 1627 1889 1686 terra
1914 1618 1967 1675 667

176 1720 284 1788 Attico
304 1721 452 1787 Piraeum
479 1725 512 1787 et
538 1727 648 1786 conua
668 1720 845 1788 Archelaus
872 1721 960 1805 regis
980 1720 1154 1786 Mithridati
1183 1721 1363 1805 praefectus
1392 1740 1433 1787 ex
1455 1741 1493 1788 eo
1514 1721 1642 1806 oppido,
1663 1729 1889 1808 propugnaret,
1917 1705 1965 1763 ¹¹⁰¹

177 1824 286 1889 turum
300 1823 441 1908 ligneam
454 1820 647 1888 defendendi
661 1821 941 1906 gratia-structam,
962 1843 1034 1889 cum
1056 1824 1196 1889 exomni
1216 1825 1317 1889 latere
1338 1824 1553 1909 circumplexa
1574 1823 1642 1907 igni
1662 1825 1752 1910 soret,
1774 1792 1973 1944 ardere&—

169 1935 242 1992 'non
274 1925 393 2008 quisse,
429 1925 515 2010 quod
547 1925 686 1991 alumine
719 1925 760 1990 ub
792 1925 950 1992 Archelao
982 1925 1082 1991 oblita
1117 1925 1240 1991 fuisset
1293 1926 1401 1992 Verba
1432 1925 1635 2010 Quadrigarii
1665 1946 1707 1994 ex
1740 1945 1779 1994 eo
1812 1927 1892 1997 libro

180 2024 450 2114 [undeuicensimo
471 2030 492 2109 ξ
512 2023 546 2112 4]
568 2025 651 2092 haec
677 2033 766 2093 sunt:
811 2026 891 2095 (ium
913 2027 1004 2113 Sylla
1032 2033 1164 2094 conatus
1191 2034 1278 2092 esset
1305 2037 1447 2112 tempore
1474 2048 1600 2112 magno,
1633 2029 1743 2097 eduxit
1770 2032 1889 2116 copias,

177 2137 213 2196 ut
232 2129 383 2195 Archelai
404 2130 512 2196 turrim
534 2148 639 2212 unam,
668 2148 763 2211 quam
784 2129 839 2195 illc
865 2129 1063 2214 interposuit,
1090 2129 1230 2214 ligneam
1256 2128 1448 2196 incenderet
1491 2129 1598 2212 Venit,
1625 2133 1771 2217 accessit,
1804 2133 1894 2217 ligna

177 2231 327 2315 subdidit,
360 2231 518 2298 submouit
537 2230 689 2313 Graecos,
721 2231 829 2314 Quem
850 2230 1008 2314 admouit3
1040 2231 1121 2297 satis
1142 2238 1217 2297 sunt
1238 2231 1292 2298 diu
1321 2232 1435 2316 conati,
1462 2253 1634 2318 numquam
1655 2234 1824 2316 quiuernnt
1843 2235 1890 2300 in·

177 2334 328 2420 condere
353 2334 400 2400 ita
419 2333 595 2398 Archelaus
617 2351 742 2408 omnem
763 2334 929 2400 materiam
950 2333 1113 2399 obleuerat
1140 2333 1288 2401 alumine.
1321 2334 1406 2418 quod
1428 2335 1519 2420 Sylla
1539 2343 1636 2420 atquc
1655 2336 1772 2404 milites
1798 2335 1890 2403 mira-

177 2439 300 2521 bantur,
322 2441 354 2501 et
375 2440 544 2521 postquam
564 2454 628 2500 non
650 2433 823 2520 succendit,
844 2435 970 2502 reduxit
991 2435 1111 2520 copias.

260 2537 315 2606 82.
363 2537 440 2604 Geli.
467 2537 503 2600 X
528 2540 557 2620 l,
583 2539 619 2605 3:
668 2536 819 2616 Quintum
852 2538 1019 2605 Claudium
1050 2538 1085 2602 in
1122 2539 1203 2605 libro
1234 2536 1471 2605 undeuicesimo
1510 2539 1545 2606 O.
1577 2540 1712 2608 hiarium
1748 2546 1889 2608 creatum
1905 2547 1973 2630 ,87-

173 2639 330 2726 ,septimo‘
351 2640 513 2706 consulem
536 2637 666 2705 dixisse.
1870 2666 1872 2678 ·
1913 2640 1965 2698 stt

259 2740 316 2811 83.
362 2739 439 2810 Geli.
462 2741 533 2804 XX
551 2743 581 2826 6,
605 2744 663 2808 11:
685 2740 916 2826 QuadrIgarius
930 2741 963 2807 iu
978 2743 1087 2809 anuali
1101 2742 1361 2811 undeuicensimo
1380 2743 1479 2809 uerba
1500 2743 1581 2811 haec
1602 2744 1723 2829 posuit:
1746 2742 1783 2812 G.
1797 2743 1888 2822 llari,
1922 2761 1957 2818 su

176 2845 341 2928 ecquando
365 2853 397 2911 te
417 2849 560 2910 nostrum
583 2849 615 2909 et
634 2843 681 2909 rei
702 2843 849 2928 publicae
870 2844 1092 2912 miserebitur?
1905 2835 1973 2916 udi

177 3032 292 3107 quando
314 3035 366 3092 ant
386 3037 483 3094 essem
504 3031 568 3095 cod.
591 3033 694 3096 Troes.
716 3027 777 3114 I⁸d
798 3033 970 3109 supplicium
992 3054 1051 3094 om.
1074 3033 1139 3100 cod.
1161 3035 1264 3094 Proca.
1286 3027 1454 3116 lprofessus
1473 3038 1519 3095 cst
1539 3035 1604 3100 cod.
1625 3031 1725 3117 Guels.
1741 3033 1786 3120 ΙΙ
1803 3034 1892 3098 hosti-

176 3134 213 3193 lis
235 3151 304 3195 cura
326 3135 391 3200 cod.
408 3137 510 3196 Troas.
530 3134 537 3216 Ι
555 3135 613 3195 cito
635 3143 665 3196 et
684 3153 779 3196 mores
801 3157 861 3196 om.
884 3135 949 3199 cod.
965 3137 1067 3200 Troes.
1087 3136 1093 3216 1
1111 3136 1234 3212 illosque
1254 3135 1293 3196 ad
1308 3135 1373 3198 cod.
1390 3137 1492 3201 Troes.
1512 3136 1518 3217 Ι
1536 3139 1575 3198 ab
1597 3139 1639 3198 eis
1660 3155 1691 3199 se
1706 3138 1771 3200 eod
1788 3139 1891 3201 Dosa.

266 3232 317 3302 81.
361 3239 537 3314 quadrigari
562 3231 611 3321 01
632 3237 698 3298 silla
718 3258 770 3320 νφ
791 3235 890 3321 latios
910 3263 935 3319 φ
956 3233 1106 3322 Introcum
1127 3259 1145 3296 r
1165 3255 1285 3314 pyreum
1313 3234 1376 3300 VG
1394 3237 1400 3320 Ι
1419 3239 1506 3315 opido
1525 3235 1585 3323 LI
1601 3241 1726 3318 ligneam
1747 3257 1782 3300 ac
1803 3240 1893 3304 datr

178 3339 253 3416 ligne
275 3358 310 3400 ac
331 3338 387 3404 det.
407 3339 440 3402 L
461 3342 559 3417 lignes
579 3338 637 3400 dci.
667 3338 697 3399 V
716 3349 786 3401 onte
808 3361 886 3400 corr.
908 3335 995 3420 lcum
1017 3359 1054 3402 ex
1074 3335 1162 3426 omni]
1186 3359 1251 3401 cum
1273 3361 1332 3400 om.
1347 3362 1374 3400 r.
1387 3359 1423 3401 ex
1445 3363 1505 3405 om.
1527 3338 1654 3426 PGVI
1675 3336 1783 3428 quisse]
1805 3343 1891 3423 qniq;

178 3450 288 3522 φαηιε
303 3463 378 3508 corr.
401 3437 406 3526 Ι
423 3442 460 3504 ab
474 3438 576 3529 Arch]
597 3443 635 3503 ab
651 3464 709 3508 om.
725 3439 829 3506 PGV
846 3445 883 3504 ab
902 3443 1046 3506 Archelao
1068 3445 1193 3504 alumine
1214 3441 1295 3524 κοῖς).
1318 3439 1323 3527 Ι
1340 3444 1405 3504 silla
1426 3441 1486 3505 Lr
1507 3439 1513 3527 Ι
1528 3449 1656 3521 tempore
1670 3438 1787 3530 magno]
1804 3429 1908 3521 opere⁸

178 3561 284 3620 magno
299 3543 437 3627 Lipsius.
458 3547 565 3622 impete
578 3564 683 3623 magno
710 3541 846 3614 Gronau.
862 3567 918 3626 egro
940 3567 1126 3628 quamquam
1146 3547 1254 3607 uitium
1282 3547 1401 3608 subesse
1426 3547 1571 3629 auspicor,
1592 3549 1700 3630 prima
1717 3546 1894 3628 fragmenti

177 3645 273 3707 umbo
295 3655 443 3728 temptare
464 3643 568 3732 codri!
590 3643 772 3734 interposuit]
795 3649 932 3725 imposuit
954 3647 985 3708 P
1002 3649 1030 3708 V
1048 3649 1174 3726 inposuit
1200 3645 1252 3733 ΘΙ
1273 3667 1375 3728 grecos
1396 3648 1495 3729 PpV
1511 3657 1645 3727 grccbsr
1667 3649 1695 3732 (s
1716 3651 1750 3711 in
1770 3643 1873 3734 ros.){

177 3749 248 3809 satis
269 3771 329 3826 orn.
351 3747 384 3810 L
404 3745 409 3833 Ι
428 3744 480 3835 tta]
503 3751 572 3810 item
593 3771 610 3810 r
631 3751 672 3811 ile
698 3751 731 3810 V
750 3760 819 3812 onte
841 3772 919 3813 corr.
942 3747 1029 3835 {silla
1049 3749 1114 3818 Lr.

261 3849 316 3918 82.
360 3853 393 3914 0.
416 3853 500 3914 deest
518 3853 551 3912 c'n
572 3851 680 3932 Bth.
1270 3887 1271 3890 ¹

261 3949 316 4021 83.
358 3955 392 4020 O.
414 3949 498 4040 Mari]
522 3957 633 4016 emari
653 3981 678 4035 φ
699 3952 732 4020 0.
754 3955 839 4016 ilarii
859 3953 920 4016 Mo
942 3949 1125 4039 lecquando]
1149 3954 1294 4032 etqnando
1323 3950 1527 4034 VGMPpo.

177 4119 257 4176 uultu
281 4136 398 4190 posnam
424 4123 546 4178 minante
569 4135 603 4178 ao
625 4135 693 4176 uoce
716 4119 806 4177 obuiis
830 4120 982 4192 admenta,
1005 4121 1080 4190 quod
1097 4122 1208 4178 undem
1226 4122 1278 4178 sibi
1302 4122 1369 4178 duta
1393 4127 1469 4177 esset
1492 4121 1571 4190 copia
1593 4120 1731 4178 crudelem
1752 4121 1890 4178 dominura

175 4207 314 4276 puniendi,
339 4215 501 4279 raptamque
526 4209 607 4277 quusi
624 4209 661 4263 ad
684 4207 846 4276 supplicium
869 4207 1008 4276 obsequiis
1031 4209 1120 4277 plenis
1138 4209 1246 4278 pietate
1269 4209 1351 4264 tutati
1374 4212 1447 4263 sunt
1465 4236 1498 4246 -
1515 4211 1611 4276 Popao
1626 4212 1687 4264 lonc
1704 4230 1752 4262 reor
1769 4212 1842 4275 resurr
1857 4213 1894 4262 ad

177 4297 260 4348 bellun
285 4297 429 4356 Marsicum,
448 4299 563 4362 souare
584 4299 620 4348 od
634 4317 659 4349 a
676 4294 782 4364 distet,
805 4295 857 4366 que
876 4293 911 4350 A.
929 4293 1061 4351 Gabinius
1084 4295 1194 4364 legatus
1212 4293 1296 4350 rebus
1319 4293 1452 4349 aduersum
1469 4295 1595 4350 Lucanos
1612 4309 1740 4363 prospere
1758 4293 1844 4363 gestis
1862 4297 1891 4350 et

176 4379 344 4448 plurimis
377 4381 520 4451 oppidis
549 4381 777 4450 expugnatis
798 4379 827 4436 in
848 4380 989 4438 obsidione
1013 4379 1153 4438 hostilium
1175 4387 1326 4438 caahorum
1348 4379 1447 4435 cecidit
1468 4383 1535 4445 (Lis.
1548 4403 1603 4452 per.
1621 4383 1674 4445 76).
1691 4384 1722 4446 ff
1739 4383 1824 4449 Kane,
1848 4383 1893 4434 dar

177 4477 236 4520 rdor.
254 4469 545 4535 Buudaayanoarerrkriey
559 4491 588 4537 p.
605 4466 657 4522 213
675 4482 724 4522 aot.
742 4468 767 4523 2.

263 4551 308 4606 SI.
348 4555 438 4607 Turres
462 4554 542 4621 (κατὰ
558 4555 589 4608 τὸ
607 4557 702 4622 τεῖχος)
722 4555 865 4618 ueridica-ree
883 4557 1017 4607 Ardeatem
1044 4569 1127 4608 coam
1148 4557 1242 4608 Sullam
1266 4558 1336 4608 eumn
1352 4556 1458 4624 Apprhrr.
1477 4557 1564 4608 Miur.
1582 4553 1617 4606 31
1634 4557 1716 4622 refert,
1742 4557 1789 4608 aad
1808 4557 1845 4608 rrr'l
1860 4559 1891 4609 do

177 4642 288 4692 αἰώνια.
589 4641 592 4646 ’

264 4715 309 4780 89.
325 4723 370 4780 83.
405 4728 528 4779 Pertinere
545 4727 657 4779 eidem
673 4728 709 4777 ad
723 4727 752 4777 id
767 4737 866 4795 tempus,
890 4747 938 4793 qao
960 4723 1049 4780 Cinna
1064 4729 1094 4780 et
1109 4723 1211 4781 Marius
1228 4725 1256 4780 in
1274 4725 1368 4782 urbem
1390 4725 1495 4796 recepti
1510 4730 1589 4798 sunt,
1616 4724 1664 4793 qui
1680 4722 1759 4780 uelut
1782 4728 1890 4794 captam
1969 4749 1976 4754 ·

179 4823 242 4865 eam
264 4809 396 4866 caedibus
419 4825 453 4866 sc
476 4805 579 4880 rapinis
601 4814 835 4867 uastauerant-
853 4814 882 4866 et
899 4809 969 4868 citra
985 4811 1042 4868 ulla
1067 4813 1177 4868 comitia
1201 4813 1328 4870 consules
1345 4813 1373 4869 in
1397 4817 1557 4882 sequentem
1580 4827 1681 4867 anuum
1704 4825 1734 4868 se
1758 4811 1833 4882 ipsos
1850 4824 1891 4866 re

178 4895 376 4954 nuntiauenmi
393 4898 461 4964 (Lr'u.
475 4920 529 4968 per.
546 4899 601 4962 80).
