4366 5630
1147 435 1166 504 8

291 631 365 700 sibe
386 652 408 698 a
427 631 519 698 Liuio
540 629 667 698 adiecta
687 649 792 716 neque
821 633 994 718 quidquam
1015 633 1060 700 eis
1081 633 1199 698 dietum
1228 653 1310 716 esse,
1339 632 1403 700 nisi
1430 632 1481 699 his
1510 633 1590 700 locis
1612 633 1788 716 Claudium,
1822 634 2009 720 scrIptorcm

291 733 356 800 iarn
377 721 475 800 autea
494 733 679 818 adhibitum,
706 734 853 801 librorum
876 735 1091 802 Acilianorum
1115 736 1334 802 auctoritatem
1362 741 1505 802 secutum
1532 753 1615 807 esse.
1650 737 1701 802 cni
1725 736 1854 820 quidem
1875 736 1931 802 uix
1951 737 2008 803 ad·

291 855 446 920 uersarer,
469 836 498 902 si
518 838 600 903 alter
620 838 710 903 locus
731 837 819 903 solus
841 844 983 904 exstaret
1003 873 1044 886 -
1066 857 1258 922 quamquam
1279 839 1376 904 etlam
1396 845 1471 922 tum,
1501 838 1556 922 qui
1576 839 1636 905 luit
1656 838 1844 923 scriptorum
1864 845 2008 914 ueterum

291 937 411 1004 citandi
430 937 540 1024 mos,¹)
566 938 691 1005 Liuium
712 939 901 1024 scripturum
920 938 1022 1007 fuisse
1047 941 1303 1006 existumauerim
1335 940 1479 1024 ,Acilius
1506 961 1600 1024 quern
1621 939 1774 1008 Claudius
1796 946 1847 1006 est
1868 939 2009 1007 secutus‘

290 1041 344 1108 uel
364 1041 496 1124 ‚Acilius
518 1049 559 1116 et,
573 1040 735 1108 Claudius‘
756 1079 799 1092 -
821 1041 879 1107 sed
900 1049 1029 1127 propter
1055 1043 1191 1127 priorem
1212 1044 1317 1109 locum
1336 1043 1406 1108 fieri
1425 1063 1490 1110 nou
1511 1049 1626 1128 potest,
1652 1044 1729 1127 quin
1751 1043 1832 1110 dnos
1854 1043 2006 1116 Claudios

289 1141 381 1208 Liuio
403 1151 496 1210 notos
517 1143 618 1210 fuisse
640 1142 792 1225 dicamus,
815 1163 949 1228 eumque
970 1144 1195 1210 additamentis
1216 1145 1281 1211 illis
1302 1145 1338 1210 id
1358 1145 1474 1229 egisse,
1501 1153 1537 1212 nt
1557 1145 1641 1212 huuc
1663 1145 1832 1212 Claudium
1852 1152 1888 1212 nt
1909 1147 2006 1231 scrip·

289 1251 392 1310 torem
411 1245 452 1310 ab
475 1263 522 1329 eo,
551 1265 646 1329 quem
666 1244 731 1310 iam
752 1251 849 1328 autea
870 1252 983 1328 quater
1003 1247 1199 1328 laudauerat,
1228 1246 1389 1313 diuersum
1415 1248 1579 1314 iudicaret
1602 1267 1721 1332 quaero
1744 1248 1837 1332 euim,
1865 1269 1921 1314 cur
1941 1268 2004 1314 nou

289 1345 391 1431 primo
412 1347 483 1414 loro
504 1365 566 1429 quo
586 1345 701 1412 Claudi
721 1347 913 1414 mentionem
935 1345 1013 1414 iacit
1035 1346 1095 1433 (Vl
1109 1351 1160 1431 42,
1174 1347 1219 1435 4),
1242 1349 1352 1415 Liuius
1375 1349 1459 1415 bano
1479 1357 1590 1417 nomm
1610 1351 1772 1434 adiecerit,
1792 1351 2005 1417 reseruauerit

289 1446 333 1514 ad
354 1447 518 1531 quintum?
540 1467 596 1514 cur
616 1455 748 1531 quartae
771 1449 902 1516 decadis
924 1458 1036 1533 quarto
1057 1452 1127 1516 loco
1150 1449 1286 1537 (XXXV
1301 1449 1346 1536 6),
1367 1459 1537 1536 postquam
1557 1453 1624 1518 iam
1644 1453 1678 1518 iu
1700 1453 1779 1519 libro
1798 1452 1942 1518 XXXIII
1955 1461 2004 1518 ter

289 1549 452 1617 laudauit?
474 1550 599 1616 aceedit
619 1547 839 1633 quod'Acilius
861 1571 913 1618 res
928 1553 1090 1618 Romanas
1105 1553 1145 1618 ab
1160 1553 1282 1638 origine
1297 1555 1383 1621 urbis
1396 1554 1532 1640 repetiit,
1555 1575 1577 1620 a
1590 1554 1684 1621 clade
1698 1555 1826 1623 Galbae
1839 1553 2002 1622 Claudius.

289 1671 372 1736 quae
393 1652 490 1736 igitur
510 1651 569 1718 luit
589 1671 688 1718 causa
709 1652 851 1736 Claudio,
878 1661 914 1719 ut
934 1655 1084 1738 qnoniam
1110 1655 1170 1720 boc
1197 1657 1266 1722 cius
1291 1655 1352 1722 luit
1377 1657 1544 1724 consilium
1565 1664 1601 1724 ut
1621 1659 1756 1724 annales
1776 1657 1941 1724 Acilianos
1962 1675 2003 1722 ex

290 1755 415 1821 Graeco
436 1754 472 1820 iu
484 1754 631 1822 Latinum
652 1764 791 1822 uerteret
811 1755 997 1840 sermonem,
1019 1777 1084 1823 uon
1104 1763 1249 1841 uerteret,
1272 1778 1359 1842 quae
1376 1766 1451 1824 ante
1473 1759 1597 1826 cladem
1612 1760 1770 1828 Gallicam
1784 1760 1871 1826 laeta
1889 1760 2002 1825 erant?

290 1856 349 1923 scd
370 1855 457 1923 dicat
476 1857 644 1942 quispiam,
665 1857 832 1924 Claudium
853 1877 957 1932 unum,
970 1859 1078 1940 luisse,
1105 1859 1201 1925 libros
1223 1860 1377 1928 diuersos.
1420 1868 1455 1927 at
1476 1863 1589 1928 mirum
1616 1870 1667 1930 cst
1687 1862 1823 1930 eundem
1843 1861 2003 1928 hominem

288 1965 321 2026 ct
331 1958 493 2044 scriptoris
505 1958 621 2026 Graeci
631 1961 775 2044 annales,
785 1979 869 2043 quae
878 1960 922 2026 ad
934 1962 1009 2027 mbe
1022 1961 1149 2028 condita
1159 1963 1321 2029 minimum
1330 1965 1374 2030 ad
1382 1965 2003 2051 annuml93l561pertincbautuertissc

288 2067 321 2126 et
334 2067 503 2146 praeterea
517 2081 575 2127 suo
595 2060 712 2128 iudicio
734 2062 767 2128 in
788 2063 927 2129 fontibus
954 2064 1111 2148 eligendis
1123 2070 1156 2130 et
1169 2065 1386 2133 describendis
1408 2085 1500 2133 usum
1521 2085 1574 2132 res
1594 2068 1717 2152 patrias
1733 2088 1753 2134 a
1768 2067 1861 2135 clade
1876 2067 2003 2134 Gallica

286 2183 389 2246 usque
409 2162 453 2228 ad
473 2183 565 2230 suam
586 2170 725 2230 aetatem
746 2163 929 2234 deduxisse.
984 2167 1094 2232 liuius
1123 2165 1251 2251 quidem
1277 2167 1431 2252 homines,
1464 2189 1528 2235 nou
1549 2169 1647 2236 libros
1669 2169 1866 2254 distinguere
1887 2169 2001 2254 uoluit;

287 2265 372 2348 quod
394 2265 423 2332 si
443 2267 607 2350 uoluisset,
629 2266 812 2351 scripsisset
831 2267 995 2350 ,Claudius
1017 2269 1051 2334 iu
1073 2288 1111 2334 eo
1130 2270 1210 2335 libro
1232 2290 1294 2354 quo
1315 2271 1431 2339 uertit‘
1522 2257 1529 2278 ⁸

371 2369 471 2434 Recte
498 2368 594 2453 igitur
619 2369 659 2436 Η.
682 2369 800 2436 Nissen
831 2368 868 2455 (l.
890 2391 917 2436 s.
937 2391 970 2456 p.
992 2370 1049 2462 40)
1082 2370 1249 2437 Claudium
1276 2371 1521 2458 Quadrigarium
1549 2380 1582 2440 et
1603 2373 1771 2440 Claudium
1797 2375 2002 2460 interpretem

285 2469 466 2536 Acilianum
487 2469 622 2537 eundem
644 2471 804 2538 bominem
826 2491 900 2539 esse
926 2473 1067 2556 negauit,
1100 2473 1158 2539 sed
1177 2494 1308 2559 prorsus
1336 2475 1455 2552 errauit
1474 2476 1525 2542 uir
1546 2476 1757 2559 doctissimus,
1791 2477 1915 2543 Liuium
1935 2496 2001 2542 non

286 2571 498 2656 Quadrigario
519 2572 578 2638 sed
598 2573 682 2639 Acili
702 2575 870 2642 annalibus
892 2575 1061 2642 aclaudio
1083 2576 1220 2659 quodam
1241 2577 1274 2642 in
1296 2597 1475 2664 sermonem
1488 2579 1635 2645 Labnum
1656 2579 1760 2645 uersis
1781 2585 1815 2644 et
1834 2597 1937 2662 usquc
1958 2577 2001 2642 nd

285 2673 388 2758 ipsius
414 2679 554 2741 aetatem
582 2676 773 2744 continuatis
799 2699 894 2744 usum
921 2696 994 2743 esse
1023 2678 1180 2762 opinatus.
1234 2679 1317 2745 Nam
1343 2681 1482 2747 narratio
1509 2681 1691 2748 certaminis
1712 2681 1750 2748 Τ.
1772 2681 1881 2765 blanli,
1902 2700 2000 2764 quarn

154 2761 159 2774 ’
287 2776 410 2843 Gellius
436 2767 587 2862 (lr.10‘¹’)
614 2798 654 2844 ex
676 2777 887 2863 Quadrigario
922 2778 984 2866 (sle
1011 2799 1082 2845 eum
1111 2781 1253 2866 adpellat
1274 2786 1294 2862 ξ
1314 2785 1364 2866 20,
1395 2802 1490 2867 quem
1510 2786 1531 2866 ξ
1552 2787 1575 2850 4
1595 2782 1634 2861 Q.
1657 2781 1839 2869 Claudium)
1871 2783 2000 2866 rettulit,

285 2878 332 2944 ita
361 2879 519 2945 consentit
550 2899 621 2960 curn
643 2879 743 2963 Iiqu,
776 2881 831 2963 qui
853 2881 961 2948 V142
983 2881 1149 2948 Claudium
1171 2903 1263 2950 sunm
1290 2883 1330 2949 de
1357 2884 1471 2950 eadem
1490 2903 1526 2951 re
1551 2885 1748 2971 laudauerat,
1780 2895 1816 2952 ut
1835 2893 2001 2969 utramque

286 2982 499 3047 narrationem
525 3000 566 3046 ex
594 2980 707 3046 eodem
731 2983 820 3048 loute
845 2982 978 3050 fluxisse
1000 3003 1133 3050 neeesse
1155 2986 1206 3056 sit.
1238 2987 1401 3072 multaque
1427 2987 1545 3053 similia
1571 2990 1719 3074 exempla
1739 2989 1773 3053 in
1794 2987 2001 3054 adnotatione

284 3089 394 3149 nostra
415 3083 469 3166 (et
490 3083 525 3148 iu
546 3083 655 3168 primis
678 3082 721 3148 ad
741 3083 778 3155 fr.
802 3087 842 3152 15
865 3091 898 3150 ct
920 3085 974 3172 16)
997 3088 1202 3172 conlegimus,
1225 3108 1266 3155 ex
1288 3090 1401 3172 quibus
1424 3090 1559 3156 eundem
1580 3090 1748 3157 claudium
1769 3099 1803 3156 et
1821 3111 1843 3156 a
1855 3091 1947 3156 Liuio
1968 3095 2002 3155 et

285 3206 306 3251 a
327 3185 442 3267 Gellio,
464 3185 519 3268 qui
540 3185 640 3253 tribus
663 3205 735 3252 eum
756 3195 849 3253 ornat
869 3188 1057 3272 nominibus,
1085 3189 1259 3256 adhibitum
1282 3211 1355 3258 esse
1376 3198 1510 3261 constat
1542 3200 1639 3276 atquc
1660 3192 1745 3276 quod
1766 3193 1885 3259 Nissen
1905 3193 1940 3257 in
1960 3211 2001 3256 ea

286 3308 321 3354 rc
350 3287 492 3371 offendit,
525 3288 611 3371 quod
637 3288 748 3354 Liuius
780 3288 909 3356 deciens
940 3310 1003 3356 uno
1030 3293 1156 3358 nomine
1180 3289 1298 3358 Claudi
1318 3293 1356 3372 Q.
1380 3294 1547 3361 Claudium
1568 3294 1814 3380 Quadrigarium
1845 3295 2000 3374 laudauit,

285 3391 399 3456 mirum
420 3409 493 3456 esse
514 3411 578 3456 non
592 3396 700 3475 potest
719 3390 811 3457 nobis
834 3391 1108 3460 considerantibus
1123 3401 1155 3460 et
1168 3395 1203 3462 L.
1220 3395 1363 3461 Caelium
1377 3396 1587 3481 Antipatrum,
1603 3397 1658 3480 qui
1671 3397 1803 3463 totidem
1823 3397 1903 3464 loeis
1924 3405 2002 3480 quot

284 3491 437 3558 Claudius
465 3492 581 3558 citatus
609 3501 667 3575 est,
689 3492 875 3576 simpliciter
897 3495 937 3559 ab
964 3514 1002 3561 eo
1025 3495 1168 3562 Caelium
1194 3498 1391 3582 appellatum
1411 3517 1494 3582 esse,
1517 3506 1550 3564 et
1570 3498 1606 3565 L.
1622 3498 1828 3584 Calpurnium
1848 3499 1998 3566 Pisonem

283 3594 330 3658 eis
352 3594 491 3678 quinque
513 3594 591 3660 locis
614 3595 727 3678 quibus
749 3594 792 3660 ad
814 3595 883 3661 eius
905 3596 1125 3662 auctoritatem
1145 3619 1205 3665 nos
1225 3606 1364 3682 reuocat,
1385 3599 1545 3668 Pisonem.

369 3699 439 3762 lam
459 3716 535 3764 uero
556 3715 619 3762 uno
642 3704 816 3780 conspeetu
836 3699 1010 3764 recensebo
1033 3700 1128 3765 etiam
1150 3701 1231 3767 alios
1252 3701 1430 3786 historicos,
1451 3704 1564 3786 quibus
1580 3703 1695 3770 Claudi
1707 3705 1761 3770 uel
1776 3705 1867 3772 Clodi
1880 3725 1997 3771 nomen

284 3799 350 3882 fuit,
378 3799 432 3881 qui
453 3817 553 3884 saepe
574 3804 608 3864 et
626 3797 709 3864 inter
730 3817 766 3864 se
789 3805 914 3865 etcum
935 3801 1145 3886 Quadrigario
1167 3802 1364 3888 Claudioque
1390 3806 1562 3892 interprete
1589 3805 1713 3872 confusi
1732 3813 1816 3876 sunt
1857 3807 1998 3873 Primum

284 3900 444 3985 adponam
465 3901 553 3986 ipsos
576 3900 673 3983 locos,
695 3900 809 3984 quibus
831 3921 939 3968 eorum
960 3905 1077 3970 mentio
1099 3905 1148 3971 fit:
1788 3979 1792 3986 ,

356 3993 398 4070 ‘1.
442 3997 542 4070 Cicer.
571 4002 613 4069 de
639 4005 724 4087 legg.
750 4003 767 4068 Ι
793 4006 822 4086 2,
853 4006 887 4072 6:
930 4005 1015 4073 Ecce
1046 4013 1152 4073 autem
1183 4027 1367 4076 successere
1395 4011 1469 4077 huie
1501 4009 1625 4097 (Caelio
1645 4009 1827 4096 Antipatro)
1860 4011 1994 4086 Gellius,

286 4104 462 4187 Clodius,
483 4104 615 4188 Asellio,
637 4106 717 4172 nibil
737 4104 781 4172 ad
802 4106 945 4173 Caelium
965 4111 1019 4175 uel
1040 4110 1145 4194 potius
1166 4109 1209 4174 ad
1229 4112 1430 4194 antiquorum
1451 4113 1637 4196 languorem
1659 4118 1692 4178 et
1711 4113 1880 4182 inscitiam.

368 4209 399 4276 2.
441 4204 511 4271 liu.
537 4205 695 4274 XXVIIII
717 4209 842 4292 22,10;
864 4209 958 4278 Hunc
979 4211 1167 4277 Pleminium
1189 4211 1349 4279 Clodius
1369 4214 1529 4281 Licinus
1554 4213 1704 4301 [Licinias
1725 4211 1808 4302 libri]
1831 4217 1870 4280 in
1891 4216 1992 4282 libro

283 4309 399 4377 tertio
425 4327 552 4373 rerum
571 4308 827 4379 Romanarum
852 4313 948 4380 refert
973 4313 1057 4380 ludis
1086 4313 1200 4380 notus
1223 4313 1266 4400 (a.
1291 4317 1385 4388 letis
1429 4314 1507 4402 ).··
1527 4323 1675 4383 conatum
1695 4335 1754 4402 per
1772 4318 1928 4402 quosdam
1950 4353 1992 4368 -

281 4413 391 4478 urbem
411 4409 591 4478 Incendere.

367 4515 400 4581 3.
441 4511 524 4581 Plu'i.
539 4512 632 4583 Num.
649 4515 683 4580 l:
707 4509 883 4594 Kadosia
910 4542 966 4594 rac
986 4519 1030 4584 ἐν
1051 4519 1207 4606 ἐλέγχῳ
1228 4513 1392 4604 χρόνων
1415 4513 1511 4602 (obre
1532 4515 1601 4606 γάρ
1622 4543 1687 4598 πως
1704 4523 1933 4608 ἐπιγέγραπται
1954 4520 1990 4590 ιδ
2038 4519 2048 4537 ’

283 4613 418 4703 βιβλίον)
441 4611 635 4700 ἱοχυρῖξιιαι
655 4607 712 4692 τὰς
732 4612 794 4701 μὲν
815 4613 962 4702 ἀρχαίας
985 4619 1109 4696 ἐκείνας
1129 4615 1334 4708 ἀναγραφὰς
1354 4623 1390 4686 ἐν
1411 4628 1474 4696 τοῖς
1486 4630 1642 4700 Κελτικοῖς
1662 4619 1779 4697 πάθεσι
1799 4627 1852 4706 τῆς
1872 4623 1993 4702 πόλεως

376 4820 396 4872 ¹l
414 4814 455 4872 Oi.
473 4831 544 4884 quos
568 4815 602 4874 de
626 4817 679 4874 bac
701 4819 804 4874 citandi
829 4821 1026 4878 musnetudInc
1048 4821 1136 4881 adtuli
1153 4824 1227 4880 [siros
1244 4824 1341 4882 doctos
1358 4825 1385 4880 ln
1403 4823 1473 4882 libro
1489 4841 1550 4884 mec
1566 4827 1602 4883 de
1619 4825 1688 4883 sont.
1705 4826 1776 4882 Plut
1794 4842 1821 4896 p.
1839 4825 1874 4882 db
1891 4831 1947 4884 not
1965 4831 1994 4884 et

282 4887 354 4944 addc
370 4884 511 4942 Ilerelrlin
530 4887 741 4945 Citiernethode
758 4887 808 4944 des
826 4889 894 4947 Gell
911 4907 938 4961 p.
957 4889 1017 4962 650,
1035 4893 1081 4948 ubi
1100 4895 1126 4950 in
1144 4894 1262 4952 Gellium
1280 4895 1376 4952 eadem
1394 4895 1495 4952 cadere
1511 4897 1727 4954 demomtratom
1743 4901 1795 4954 est.
