4366 5630
144 1299 202 1444 ti.
254 1299 549 1436 CLAVDI
593 1293 1099 1445 avioaldum
1143 1294 1347 1442 QVAE
1391 1292 1858 1432 SVPERSVNT

838 1512 906 1596 nn
942 1511 1109 1640 niano
1144 1513 1171 1596 Ι.

227 1921 255 1990 1.
303 1921 381 1990 Gra
396 1945 426 1984 a.
442 1923 507 1988 Art.
523 1922 637 1984 XVII
651 1925 681 2006 2,
695 1925 749 1989 12:
795 1923 900 1989 Verba
922 1945 963 1991 ex
984 1921 1152 2014 QGiaudi
1173 1919 1274 2005 primo
1296 1919 1658 2004 annaliz-Postquam
1679 1919 1857 1988 nuntiatum
1873 1923 1921 2092 (
1937 1924 1965 2093 )

143 2033 202 2110 est,
224 2026 335 2109 inquit,
356 2030 392 2090 ut
411 2025 587 2109 pugnaturn
609 2029 697 2090 essct
717 2025 750 2090 in
763 2023 898 2102 Gallos,
921 2027 955 2092 id
977 2024 1090 2092 ciuitas
1112 2023 1252 2108 grauiter
1274 2024 1355 2092 tulit
1893 2029 1946 2083 364

228 2127 282 2197 2..
308 2126 389 2192 Geli
416 2149 446 2192 a.
469 2128 534 2193 Art.
557 2128 672 2190 XVII
689 2130 719 2209 2,
744 2131 801 2197 19:
846 2128 953 2195 Verba
981 2148 1020 2194 ex
1048 2127 1086 2206 Q.
1110 2124 1225 2193 Claudi
1254 2127 1356 2213 primo
1385 2125 1510 2192 anuali:
1537 2124 1716 2207 -Tanta,
1745 2125 1855 2209 inquit,
1872 2132 1964 2302 (390)

142 2229 324 2297 sanctitudo
345 2228 411 2296 iani
432 2236 490 2314 est,
511 2241 547 2295 nt
566 2249 739 2314 numquam
759 2231 928 2320 quisquam
949 2232 1068 2298 ariolare
1091 2229 1134 2296 sit
1153 2247 1262 2296 ansus.
1892 2216 1945 2293 Be}

227 2331 259 2401 9.
308 2330 387 2396 Geli.
408 2355 438 2394 a.
460 2332 526 2397 Ata
548 2331 663 2395 XVII
680 2335 709 2416 2,
735 2336 788 2400 10:
832 2333 938 2400 Verba
953 2353 993 2400 ex
1008 2332 1046 2411 Q.
1062 2329 1176 2398 Claudi
1189 2331 1290 2415 primo
1306 2329 1428 2395 anuali:
1444 2369 1487 2382 —
1502 2329 1585 2413 Sole,
1601 2328 1712 2412 inquit,
1728 2349 1853 2397 occaso.

228 2433 259 2502 4.
309 2433 386 2498 Geli
408 2458 437 2499 ra
460 2436 525 2500 Ars.
547 2433 663 2496 XVII
679 2436 709 2517 2,
732 2437 787 2502 24:
831 2436 939 2502 Verba
961 2455 1001 2504 ex
1023 2435 1062 2514 Q.
1077 2433 1192 2500 Claudi
1212 2435 1314 2519 primo
1336 2432 1460 2499 annali:
1482 2475 1526 2484 —
1547 2431 1719 2515 Cominius,
1741 2432 1852 2516 inquit,
1887 2451 1941 2510 390

141 2555 207 2620 qua
228 2536 426 2622 ascenderat,
448 2536 616 2602 deseendit
635 2543 731 2620 atque
751 2539 849 2605 uerba
871 2536 977 2606 Gallis
999 2537 1095 2605 dedit
1487 2563 1489 2570 ·
1881 2527 1945 2603 'aot‘

227 2639 257 2707 5.
304 2637 383 2703 Geli
406 2663 435 2702 u.
457 2642 523 2704 Ast.
546 2640 660 2702 XVII
676 2642 706 2724 2,
729 2641 784 2708 26:
829 2643 935 2709 Verba
957 2661 997 2708 cx
1018 2641 1056 2720 Q.
1078 2639 1193 2707 Claudi
1212 2638 1314 2723 primo
1337 2635 1460 2704 annali:
1481 2679 1524 2688 ——
1545 2637 1713 2722 Putabant,
1743 2640 1853 2724 inquit,
1891 2657 1944 2715 aso

142 2759 197 2808 eos
221 2740 275 2826 qui
295 2742 373 2809 Ioris
395 2749 491 2826 atque
513 2742 567 2824 qui
588 2743 621 2808 in
643 2763 717 2810 aree
740 2751 838 2828 erant,
859 2745 941 2811 inter
963 2763 999 2810 se
1020 2741 1280 2810 commutationes
1303 2746 1336 2806 et
1355 2740 1489 2808 consilia
1510 2739 1623 2806 facere.
1871 2651 1964 2822 (aa)

227 2909 256 2979 1.
299 2930 371 2993 exq3
386 2914 423 2976 cl.
445 2911 477 2975 L
498 2931 556 2990 exq
576 2943 592 2978 a
609 2917 744 2978 solsadii
766 2914 819 2998 (ue
846 2915 981 2999 mamm)
1003 2943 1027 2998 φ
1048 2917 1143 2977 claudi
1165 2915 1204 2976 M
1222 2913 1328 2976 claudii
1350 2913 1442 2974 couri
1463 2911 1536 2974 lide-i
1555 2909 1674 2980 Her-tei,

227 3014 259 3084 2.
301 3021 334 3076 nt
355 3035 414 3079 orn.
435 3013 467 3076 L
489 3012 674 3100 {quisquam}
696 3021 761 3096 quis
787 3017 817 3082 G

227 3115 260 3185 9.
302 3119 416 3180 occasio
437 3115 469 3178 L
492 3120 642 3181 occasui)
664 3131 734 3182 uarie
755 3131 879 3186 correct.

227 3217 258 3286 4.
302 3222 464 3297 quominus
482 3219 514 3282 L
532 3227 570 3296 -ζ-
589 3203 610 3298 d
626 3224 739 3285 minens
759 3245 777 3284 r
798 3226 927 3286 corninus
949 3221 981 3282 P
999 3225 1109 3284 comin⁰
1134 3219 1165 3286 G
1187 3231 1257 3284 ante
1279 3241 1360 3286 corr.
1380 3222 1539 3282 cornminus
1567 3221 1599 3280 V
1617 3217 1621 3306 Ι
1638 3222 1707 3306 qua]
1735 3228 1785 3302 qni
1807 3236 1853 3308 (pt

139 3325 311 3386 ascenderat
331 3321 430 3385 Hertz
451 3345 518 3386 uem
538 3323 598 3387 rL
612 3322 695 3388 GM
708 3327 758 3386 Vo
780 3328 970 3388 adscenderat
991 3327 1081 3388 ceteri
1101 3327 1165 3387 aissa
1186 3323 1267 3390 libri.
1339 3331 1343 3340 '

228 3423 259 3493 5.
302 3427 352 3504 qui
373 3428 405 3488 iu
427 3449 446 3486 c
466 3449 532 3511 sup.
555 3425 607 3492 Is'n.

229 3575 254 3634 I.
296 3581 341 3632 Vel
350 3582 381 3632 de
392 3583 461 3633 clade
473 3583 570 3634 Aliensi
579 3585 621 3634 ael
631 3585 661 3634 da
670 3585 766 3650 proelio
778 3587 836 3635 couri
845 3578 967 3650 2951459,
981 3583 1047 3649 quod
1062 3585 1098 3634 ud
1106 3583 1214 3634 Cinciam
1231 3583 1337 3634 aduerso
1350 3581 1434 3632 Marte
1452 3595 1536 3634 eontra
1547 3583 1634 3634 GnIIcs
1647 3585 1796 3634 ammissum
1808 3597 1853 3636 est.

225 3665 252 3720 2.
287 3664 400 3720 Flamen
417 3664 564 3730 Quisiuaiis
581 3665 757 3735 uirginesque
768 3666 936 3722 -Vestales
948 3666 1079 3736 optimum
1091 3667 1196 3722 ducunt
1213 3665 1312 3736 (sacra)
1324 3664 1435 3721 condita
1446 3665 1474 3720 in
1486 3665 1601 3734 dolIolis,
1619 3664 1721 3722 sacello
1731 3666 1854 3734 proximo

140 3752 256 3809 sedibus
273 3749 390 3808 flaminis
407 3751 563 3823 Quirinalis,
586 3751 632 3808 ubi
649 3768 722 3808 nunc
739 3753 837 3824 despui
858 3753 954 3822 religio
972 3759 1024 3822 est,
1048 3751 1183 3810 defodere.
1202 3755 1259 3808 Βία.
1284 3751 1363 3822 V40,
1383 3753 1407 3807 7.
1426 3757 1457 3815 efi
1474 3756 1620 3822 δώωῳὶαν,
1638 3755 1695 3806 Irr'st.
1714 3756 1786 3808 Rom.
1804 3759 1853 3808 oei.

140 3845 189 3895 III
203 3863 230 3910 p.
246 3839 300 3896 950
317 3853 366 3892 aot.
383 3837 409 3893 2.

214 3929 252 3990 (a
285 3925 356 3980 Tum
373 3925 490 3995 demum,
508 3913 654 3993 matonam
666 3925 732 3980 nihii
744 3939 862 3994 usquam
879 3925 979 3982 hostile
990 3926 1159 3995 cernebatur,
1178 3925 1251 3981 usiam
1269 3924 1388 3994 ingressi
1404 3923 1486 3992 (Galli
1496 3926 1560 3992 post
1569 3937 1691 3992 pugnam
1703 3923 1852 3994 Aliensem)

139 4012 237 4069 haud
255 4011 364 4067 multo
382 4017 467 4067 autc
491 4011 581 4068 solie
605 4026 770 4068 occasum
787 4012 824 4067 ad
852 4013 947 4068 urbem
963 4013 1076 4069 Romam
1093 4012 1266 4082 perueniunt
1301 4014 1363 4086 zia¹
1383 4016 1407 4065 V
1419 4009 1462 4074 39,
1476 4009 1511 4078 2.)

225 4101 251 4155 t.
285 4097 395 4166 Ingenti
410 4097 530 4166 periculo
554 4097 752 4154 transcundum
768 4115 817 4168 per
834 4099 954 4155 hostium
979 4099 1119 4155 custodias
1143 4105 1211 4156 erat.
1237 4097 1274 4154 sd
1291 4113 1353 4154 eam
1378 4113 1435 4152 rem
1451 4096 1567 4152 Pontius
1584 4095 1723 4153 Coruinius
1747 4097 1854 4166 inpiger

140 4187 248 4242 iuuenis
266 4200 376 4254 operam
393 4185 539 4256 poilicItus,
556 4184 690 4241 incubans
707 4186 800 4242 cortici
818 4185 939 4242 secundo
953 4185 1045 4242 tiberi
1062 4187 1099 4242 ad
1116 4185 1211 4242 urbem
1223 4184 1352 4242 defertur.
1371 4185 1443 4254 iude,
1462 4198 1518 4252 qus
1529 4183 1680 4255 proximum
1692 4181 1745 4239 fuit
1756 4199 1774 4237 a
1785 4183 1852 4252 ripa,

139 4289 189 4344 per
205 4277 381 4344 praeruptum
398 4285 487 4340 eoque
502 4272 657 4342 neglectum
680 4272 801 4328 hostium
819 4273 961 4330 custodiae
979 4289 1074 4329 suum
1092 4273 1119 4328 iu
1137 4273 1301 4342 capitolium
1324 4272 1419 4328 euadit
1441 4275 1471 4326 et
1494 4271 1530 4326 ad
1547 4271 1728 4340 magistratus
1752 4269 1852 4324 ductus

140 4360 271 4416 mandata
287 4358 424 4414 exercitus
440 4357 505 4413 edit
530 4364 644 4428 accepto
661 4358 725 4416 inde
743 4365 856 4416 senatus
873 4361 1007 4426 consulto,
1029 4362 1070 4416 uti
1087 4361 1203 4416 comitis
1221 4359 1334 4416 curiatn
1350 4363 1497 4414 reuocatus
1514 4357 1549 4412 de
1567 4357 1647 4413 exilio
1664 4356 1743 4412 iussu
1759 4355 1852 4424 populi

140 4447 273 4504 Caruilius
289 4446 408 4502 dictator
424 4447 560 4514 extempio
577 4446 714 4502 diceretur
735 4447 891 4516 militesque
907 4447 1040 4504 haberent
1062 4449 1254 4518 imperatorem
1271 4461 1352 4514 quem
1370 4445 1481 4514 uellent,
1504 4445 1627 4501 eadem
1653 4442 1852 4510 degressus

140 4534 291 4590 nuntius
316 4531 401 4589 Veios
424 4531 565 4590 contendit
589 4533 720 4602 missique
737 4532 858 4590 Ardeam
879 4535 965 4605 iegati
982 4535 1019 4592 ad
1036 4534 1178 4592 caminum
1197 4533 1281 4592 Veios
1298 4547 1361 4588 eum
1378 4532 1539 4602 mrduxcre.
1556 4533 1615 4585 Liu.
1639 4533 1664 4582 V
1676 4525 1762 4597 aas
1798 4533 1853 4582 Καὶ

141 4623 250 4674 λαθὼν
274 4624 351 4682 τοὺς
376 4620 505 4674 αὐτόθι
531 4624 772 4690 ᾳυλάσσοντας
796 4625 946 4683 Κελτοὺς
970 4623 1067 4693 trifidi
1084 4647 1110 4678 re
1128 4628 1171 4676 aui
1194 4624 1270 4677 stude
1294 4619 1348 4674 dou
1365 4625 1422 4686 idos,
1440 4619 1520 4673 ardica
1541 4617 1591 4671 ini
1610 4617 1690 4670 ariera
1709 4614 1853 4684 ἀπηλλάγη.

142 4711 242 4778 Dionys.
259 4709 337 4762 XIII
350 4708 376 4762 9.

225 4795 251 4850 ἃ
286 4793 354 4848 Inde
377 4797 452 4862 (post
469 4791 572 4848 motum
589 4791 681 4862 Manli)
704 4792 862 4850 intentiores
887 4793 1023 4864 utrimque
1045 4793 1186 4850 custodiae
1209 4807 1281 4863 esse,
1304 4798 1333 4848 ct
1355 4789 1429 4864 apud
1446 4789 1548 4860 Guiioe,
1573 4787 1638 4857 quia
1663 4783 1852 4855 uulgatum

139 4883 217 4933 crat
233 4878 326 4936 iuter
342 4880 450 4936 Veios
467 4880 681 4947 Romamque
697 4879 847 4937 nuntios
871 4896 1079 4952 commeare,
1097 4887 1127 4937 et
1144 4880 1218 4949 apud
1234 4879 1372 4936 Romnum
1389 4876 1426 4934 ab
1442 4875 1569 4934 nocturni
1585 4873 1699 4945 periculi
1715 4873 1852 4930 memoria

140 4965 198 5018 Lr'u.
224 4963 301 5036 V4'I,
320 4966 361 5023 11.
