4366 5630
1136 440 1158 504 4

288 641 416 709 insusui
443 643 602 706 uetustate
631 635 666 722 (ξ
690 636 754 724 10),
782 640 948 724 eleganter
969 637 1004 725 (ξ
1027 641 1093 728 23),
1126 663 1191 708 non
1213 641 1328 709 inscite
1353 661 1414 706 neo
1434 640 1634 724 ineleganter
1666 639 1700 727 (6
1722 642 1778 725 26)
1810 643 1897 708 dicta
1931 661 2005 710 esse

290 746 470 814 existumat.
493 742 551 809 sed
571 762 764 829 perpamam
780 761 853 808 esse
867 741 963 809 fidem
986 744 1166 810 habendam
1187 766 1280 812 nemo
1295 744 1400 810 nescit
1413 743 1460 810 eis
1476 743 1610 828 iudiciis,
1633 763 1716 827 quae
1731 746 1772 810 ab
1785 745 1872 812 illius
1887 747 2004 814 6616111
2084 813 2090 825 ,

288 849 492 934 scriptoribus
514 846 555 911 de
581 846 794 930 superioribus
822 845 909 929 fiunt,
943 866 1038 929 quam
1060 848 1100 913 ob
1122 868 1187 914 rem
1214 856 1322 915 nostro
1342 847 1445 912 Marte
1474 846 1612 930 quidde
1633 846 1768 913 Claudio
1800 848 2005 916 iudicandum

287 955 338 1038 sit,
361 973 402 1018 cx
422 952 502 1037 ipsis
522 949 686 1032 relliquiis,
708 967 791 1032 quae
812 949 918 1015 uerbis
939 969 1004 1016 non
1026 951 1215 1017 conmutatis
1236 951 1372 1016 traditae
1395 957 1477 1032 sunt,
1499 951 1659 1034 conligere
1683 951 1875 1020 conabimur.

373 1054 519 1120 Omnium
533 1053 669 1138 primbm
683 1051 718 1116 in
733 1052 779 1117 eis
800 1051 981 1118 innenimus
997 1053 1157 1119 concisum
1172 1053 1332 1136 quoddam
1354 1060 1450 1137 atque
1465 1059 1561 1118 tenue
1576 1051 1703 1118 dicendi
1719 1073 1831 1137 genus,
1854 1053 2003 1120 membris

232 1185 235 1192 ⁴
285 1159 435 1226 breuibus
462 1163 558 1240 atque
580 1153 714 1240 pressis,
741 1154 776 1220 id
797 1153 882 1237 quod
908 1155 1047 1220 maxime
1073 1155 1186 1220 adrisit
1206 1156 1319 1222 Gelliis
1342 1162 1375 1220 et
1396 1143 1617 1238 Frontonibus,
1649 1175 1807 1238 nusquam
1827 1157 2005 1222 ubertatem

287 1269 343 1328 aut
364 1260 497 1346 copiam,
534 1257 677 1324 omnibus
715 1256 795 1323 locis
830 1256 1052 1340 antiquitatem
1079 1265 1174 1341 atque
1195 1258 1403 1326 ieiunitatem.
1439 1257 1619 1324 6111101
1652 1255 1800 1340 ,Romam
1820 1259 1917 1343 uenit,
1949 1259 2005 1324 nix

287 1370 426 1450 superat,
458 1361 534 1446 quin
556 1361 733 1445 triumphus
756 1360 965 1427 deccmatur.‘
990 1361 1027 1426 fr.
1052 1362 1107 1428 76:
1134 1359 1299 1442 ,Conbone
1322 1361 1455 1428 dimissa
1475 1360 1623 1427 Metellus
1643 1360 1678 1425 in
1700 1361 1891 1446 Capitolium
1912 1363 2002 1428 uenit

287 1488 357 1534 cum
380 1465 564 1531 mortalibus
586 1464 702 1530 multis.
725 1463 949 1530 indedomum
963 1462 1181 1548 proficiscitur.
1203 1469 1272 1530 tota
1293 1463 1405 1529 ciuitas
1429 1482 1501 1529 eum
1522 1463 1669 1529 reduxit‘
1689 1462 1727 1534 fr.
1743 1466 1799 1532 81:
1821 1463 1929 1548 ,uenit
1950 1484 2003 1530 ac

287 1571 392 1653 cessit,
420 1568 509 1652 ligna
535 1566 684 1649 subdidit,
717 1567 877 1633 submouit
902 1567 1052 1649 Graecos,
1085 1565 1190 1650 ignem
1218 1565 1369 1634 admouit
1409 1567 1488 1632 satis
1511 1573 1585 1632 sunt
1605 1566 1661 1631 din
1690 1567 1804 1650 conati,
1831 1587 2003 1650 numquam

287 1674 455 1758 quiuerunt
475 1669 658 1739 incendere:
691 1669 738 1735 ita
755 1669 933 1735 Archelaus
965 1687 1092 1736 omnem
1123 1669 1289 1734 materiam
1321 1668 1484 1735 obleuerat
1505 1669 1653 1736 alumine.
1687 1669 1773 1753 quod
1794 1669 1886 1735 Sulla
1907 1677 2003 1753 atque

286 1775 403 1842 milites
424 1773 628 1854 mirabantur,
663 1778 696 1837 et
715 1779 885 1857 postquam
906 1791 970 1838 non
993 1771 1163 1854 succendit,
1199 1771 1326 1837 reduxit
1346 1771 1478 1855 copias!
1513 1791 1597 1855 quac
1626 1773 1765 1838 breuitas
1793 1773 2004 1838 membromm

286 1897 477 1964 quamquam
497 1876 602 1942 minus
629 1877 765 1941 molesta
786 1875 890 1941 estin
910 1874 1116 1960 amplioribus
1138 1873 1344 1940 certaminum
1367 1874 1532 1940 Gallorum
1551 1875 1785 1941 narrationibus
1817 1873 1868 1960 (fr.
1892 1874 1947 1942 10¹²
1971 1881 2004 1940 et

280 1981 342 2066 112)
364 1987 396 2046 et
417 1999 608 2064 quamquam
628 1978 662 2043 in
684 1977 822 2063 epistula
843 1978 887 2044 ad
907 1977 1064 2062 Pyrrhum
1085 1977 1161 2044 data
1181 1976 1233 2064 (ir.
1254 1975 1311 2063 41)
1332 1977 1421 2042 haud
1442 1979 1559 2060 exigua
1580 1977 1665 2042 inest
1686 1984 1719 2042 ct
1739 1967 1907 2045 uerbomm
1929 1997 2001 2062 gra·

287 2085 373 2150 nitas
389 2089 421 2149 et
435 2081 672 2165 sententiarum,
695 2081 764 2146 lieri
778 2100 857 2146 sanc
872 2101 936 2146 non
951 2081 1062 2166 potuit,
1084 2081 1159 2164 quin
1172 2081 1254 2148 baec
1269 2080 1397 2148 siccitas
1413 2080 1451 2165 ei,
1475 2080 1529 2164 qni
1549 2082 1682 2148 multum
1704 2082 1838 2164 legebat,
1860 2081 2003 2146 taedium

286 2191 428 2254 moueret
453 2191 549 2268 atque
575 2183 628 2250 uel
650 2183 747 2249 Gellii
774 2189 807 2248 et
827 2183 1005 2250 Frontones
1032 2203 1143 2249 uereor
1168 2203 1210 2248 ne
1236 2183 1340 2267 magn
1376 2183 1524 2249 admbati
1560 2184 1624 2250 sint
1645 2191 1678 2249 et
1698 2185 1867 2272 laudarint,
1904 2205 2001 2268 qnam

284 2296 390 2377 ipsum
411 2287 578 2356 Claudium
602 2286 771 2355 noluerint.
814 2286 940 2353 accedit
971 2287 1066 2368 enim,
1102 2285 1185 2368 qnod
1205 2285 1240 2350 in
1261 2293 1352 2350 161116
1383 2287 1550 2352 nerbcmm
1584 2286 1788 2372 simplicitate
1821 2308 1863 2353 ne
1883 2288 2000 2373 planus

285 2396 413 2481 quidem
435 2391 579 2460 omnibus
601 2390 680 2456 locis
702 2389 769 2474 luit,
796 2395 832 2455 ut
852 2389 886 2455 in
906 2388 944 2457 fr.
967 2391 1018 2473 85,
1045 2389 1099 2455 ubi
1120 2408 1278 2473 exponere
1300 2389 1415 2472 studet,
1452 2389 1529 2474 qnid
1551 2390 1683 2473 intersit
1719 2397 1824 2464 uuum
1845 2391 1998 2474 sagittam

284 2506 381 2583 atque
403 2494 544 2580 lapidem
566 2493 714 2559 deorsum
735 2512 778 2558 an
799 2511 925 2558 sursum
946 2492 1064 2560 mittas.
1117 2491 1213 2557 Porro
1235 2491 1322 2557 haud
1347 2512 1467 2576 magna
1497 2492 1723 2558 uocabulorum
1755 2493 1849 2578 copia
1870 2493 1902 2559 ei
1922 2513 1997 2578 sup

284 2600 451 2687 peditasse
471 2595 597 2662 uidetur
619 2601 714 2679 atque
741 2595 928 2660 circumcisa
948 2595 982 2660 in
1002 2595 1234 2662 narrationibus
1260 2593 1326 2660 illis
1359 2594 1482 2661 duabus
1515 2592 1566 2680 (fr.
1591 2595 1655 2662 10⁵·
1671 2593 1724 2681 12)
1757 2603 1808 2662 cst
1829 2593 2000 2680 eloquendi

284 2703 434 2783 uarietas,
456 2718 528 2765 cnm
549 2717 648 2784 saepe
670 2717 734 2762 non
756 2697 858 2763 solum
880 2697 1059 2764 sententiae
1086 2697 1261 2764 sedetiam
1282 2699 1380 2764 uerba
1401 2698 1559 2782 quaedam
1580 2699 1663 2765 inter
1684 2717 1721 2764 se
1742 2697 1999 2783 respondeant.¹)

283 2823 388 2886 neque
408 2802 512 2869 Gellio
534 2801 698 2868 adsentior
722 2800 876 2883 laudanti,
909 2799 994 2884 qnod
1016 2799 1067 2884 (fr.
1089 2797 1123 2885 8)
1140 2799 1282 2885 formam,
1315 2800 1410 2885 facta,
1434 2802 1655 2886 eloquentiam,
1685 2800 1882 2887 dignitatem,
1920 2801 1999 2867 acri·

284 2907 432 2989 moniam,
455 2903 679 2971 confidentiam
698 2902 820 2970 homini
841 2901 967 2968 cuidam
988 2902 1158 2984 ,uiabcum‘
1178 2903 1278 2970 luisse
1299 2904 1342 2970 ad
1363 2923 1483 2990 remp.
1506 2905 1713 2985 euertendam
1734 2905 1824 2971 dixit.

332 2992 336 3000 ’
369 3008 413 3074 Vt
433 3008 473 3074 de
494 3005 512 3072 1
515 3007 583 3073 ide
604 3027 709 3092 panca
729 3025 886 3080 moneam,
919 3005 982 3072 nisi
1004 3005 1090 3089 qnod
1115 3025 1197 3089 quae
1219 3013 1294 3072 ante
1316 3007 1440 3072 cladem
1463 3007 1621 3075 Gallicam
1642 3007 1729 3074 facta
1755 3014 1846 3074 erant
1872 3007 2000 3074 omnino

284 3111 428 3179 omittere
448 3129 544 3194 quam
564 3130 677 3194 pamm
699 3109 866 3193 explorata
886 3107 1026 3193 prolerre
1047 3108 1165 3184 maluit,
1194 3110 1330 3176 eandem
1351 3111 1503 3177 historiae
1524 3111 1610 3177 niam
1632 3132 1728 3194 quam
1749 3112 1804 3195 qui
1825 3117 1899 3176 ante
1927 3127 2000 3176 enm

284 3213 441 3299 scripsere
461 3211 626 3296 ingressus
650 3231 723 3278 esse
744 3217 839 3295 atque
859 3211 895 3276 in
915 3210 1059 3296 plurimis
1080 3213 1173 3278 rebus
1196 3233 1267 3279 cum
1287 3214 1361 3282 aliis
1382 3215 1597 3300 scriptoribus,
1630 3214 1685 3296 qni
1707 3212 1839 3278 easdem
1858 3233 1910 3279 res
1933 3231 1999 3278 me·

284 3317 404 3384 moriae
423 3309 638 3400 prodiderunt,
661 3314 787 3380 uidetur
809 3313 1022 3398 consensisse,
1045 3315 1121 3399 quia
1140 3315 1273 3399 Liuium,
1296 3317 1350 3399 qui
1365 3337 1403 3384 eo
1417 3317 1452 3383 in
1465 3317 1573 3383 multis
1588 3317 1677 3382 libris
1692 3315 1787 3382 simul
1802 3336 1873 3392 cum
1887 3316 1997 3400 Fabio,

283 3419 412 3487 Valerio
433 3419 572 3501 Antiate,
606 3415 788 3484 allisionis
813 3436 891 3484 usus
913 3424 972 3501 est,
1008 3417 1080 3484 sinc
1102 3417 1196 3484 dnbio
1217 3426 1521 3485 conmemoraturum
1541 3419 1642 3484 fuisse
1670 3419 1811 3502 arbitror,
1849 3419 1878 3484 si
1900 3418 1999 3484 multa

284 3523 378 3589 aliter
397 3521 432 3586 in
454 3520 522 3586 eius
544 3519 713 3585 annalibus
736 3539 830 3602 quam
852 3519 886 3584 in
908 3519 1022 3586 ceteris
1044 3519 1227 3586 inuenisset
1250 3528 1285 3586 at
1304 3540 1380 3586 uero
1401 3520 1513 3605 paucis
1529 3519 1607 3586 locis
1623 3525 1719 3603 atque
1733 3519 1767 3585 in
1780 3521 1875 3586 rebus
1891 3519 1999 3603 exigm

283 3624 435 3699 momenti
455 3623 623 3690 Claudium
650 3623 893 3689 dissentientem
918 3644 956 3691 se
981 3624 1099 3689 babere
1127 3623 1245 3690 scribit.
1297 3624 1336 3688 In
1363 3623 1473 3708 primis
1508 3629 1614 3688 autem
1636 3623 1745 3689 Valeri
1765 3623 1904 3690 Antiatis
1928 3623 1998 3688 eins

284 3726 417 3793 historia
439 3726 601 3794 simillima
626 3724 694 3808 fuit,
721 3745 856 3810 quocum
877 3746 898 3791 a
920 3725 1010 3792 linio
1032 3746 1130 3812 saepe
1150 3727 1184 3792 in
1205 3726 1374 3793 scribendo
1398 3733 1430 3792 et
1450 3726 1611 3792 adhibitus
1632 3733 1665 3792 et
1685 3726 1833 3792 laudatus
1856 3731 1915 3792 est.
1938 3725 1998 3792 sed

285 3850 357 3895 cnm
378 3829 506 3895 Valerio
528 3829 713 3916 turpissima
739 3827 887 3894 mendaci
911 3835 988 3894 nota
1009 3829 1050 3896 ab
1072 3849 1110 3894 eo
1130 3829 1238 3895 inusta
1259 3829 1309 3912 sit,
1341 3837 1377 3896 ut
1397 3830 1466 3897 eius
1488 3830 1727 3913 uaniloquentia
1747 3848 1851 3914 paene
1872 3829 1906 3894 in
1926 3848 1998 3913 pro·

283 3931 426 3998 nerbium
448 3931 568 4016 abierit,
591 3933 632 3998 de
654 3932 715 3998 boc
735 3930 849 3997 melius
870 3929 1037 4028 indicatur.
1060 3951 1249 4015 quamquam
1270 3934 1326 3999 nix
1346 3933 1463 4018 dignus
1486 3939 1544 4000 cst.
1566 3933 1753 4018 plerumque
1772 3933 1857 3998 enirn
1870 3931 1905 3997 in
1918 3929 1999 4016 ipsis

283 4031 424 4100 numeris
455 4035 621 4118 augendis,
657 4035 691 4101 id
712 4034 798 4118 quod
818 4033 956 4098 maxime
978 4033 1107 4100 Valerio
1140 4035 1263 4101 crimini
1295 4043 1345 4102 est
1373 4036 1482 4102 datum
1503 4057 1524 4100 a
1544 4034 1635 4100 Liuio
1665 4036 1734 4101 eins
1762 4035 1898 4110 aemulo,
1935 4052 2000 4098 non

285 4137 417 4202 multum
439 4133 525 4200 cedit
537 4137 659 4204 Antiati
681 4136 731 4219 (cs.
747 4137 784 4202 ir.
800 4137 852 4204 62.
867 4133 924 4221 68)
946 4141 1043 4220 atque
1064 4157 1127 4202 uno
1147 4123 1218 4204 loco
1240 4135 1289 4224 (fr.
1305 4136 1371 4223 66),
1393 4137 1448 4203 nbi
1461 4137 1609 4204 Valerius
1631 4138 1743 4204 decern
1764 4139 1885 4204 milium
1899 4136 2000 4202 caede

287 4243 453 4307 contentus
475 4236 542 4321 fuit,
564 4238 617 4302 uel
638 4239 850 4326 quadraginta
869 4237 960 4305 milia
981 4257 1078 4304 caesa
1101 4258 1172 4306 esse
1194 4246 1303 4305 auctor
1323 4239 1392 4306 luit.
1419 4258 1502 4322 quae
1523 4259 1595 4305 cum
1616 4260 1668 4307 res
1687 4241 1733 4306 ita
1755 4240 1827 4324 sint,
1850 4239 1947 4304 etiam
1966 4237 1998 4303 X

284 4345 336 4425 30,
358 4343 379 4408 4
400 4337 524 4406 linium
544 4337 629 4404 hunc
651 4335 816 4407 Claudium
838 4340 872 4406 in
893 4339 999 4406 animo
1019 4339 1171 4408 habuisse
1192 4342 1312 4427 opinor,
1334 4346 1504 4427 postquam
1524 4362 1664 4426 pugnam
1682 4343 1724 4408 ad
1739 4342 1905 4409 Sentinum
1925 4361 1999 4408 con-

285 4444 418 4509 missam
440 4441 594 4526 exposuit,
617 4439 665 4507 sic
685 4450 886 4525 pergentem:
908 4463 1039 4526 ,magna
1061 4442 1128 4509 eius
1150 4443 1223 4528 diei,
1245 4464 1307 4528 qno
1328 4443 1362 4509 in
1377 4443 1536 4509 Senbnati
1557 4463 1636 4528 agro
1659 4445 1818 4526 bellatum,
1840 4445 1927 4509 lama
1948 4449 1999 4509 est

286 4544 382 4609 etiam
404 4563 481 4610 uero
502 4543 611 4610 stanti:
647 4543 706 4610 sed
727 4544 928 4629 superiecere
949 4543 1079 4627 quidam
1100 4545 1246 4630 augendo
1267 4544 1372 4629 fidem,
1405 4546 1459 4628 qui
1480 4544 1513 4611 in
1535 4545 1673 4612 bostium
1698 4547 1839 4613 exercitu
1856 4547 1999 4631 peditum

285 4647 414 4712 deciens
430 4651 564 4711 centena
577 4644 666 4711 milia
680 4643 736 4731 (de
750 4645 840 4710 codd
857 4647 1011 4724 scriptura
1024 4647 1089 4716 nid
1104 4647 1330 4714 Weissenborn
1344 4668 1375 4717 a.
1385 4647 1416 4712 b.
1427 4649 1474 4731 l.),
1497 4647 1637 4732 equitum
1657 4668 1715 4714 sex
1731 4656 1764 4714 et
1785 4649 1997 4734 qnadraginta

285 4749 381 4830 milia,
403 4749 489 4814 mille
503 4755 723 4832 carpentomm
737 4747 893 4831 scripsere
908 4747 1017 4832 uass,
1040 4749 1162 4818 scilicet
1182 4771 1254 4817 cnm
1267 4749 1393 4817 Vmbris
1408 4749 1596 4834 Tuscisque,
1618 4769 1698 4834 quos
1713 4757 1746 4816 et
1759 4751 1847 4837 ipsos
1869 4771 1999 4836 pugnae

376 4923 393 4990 ¹)
410 4917 483 4976 Vide
499 4932 571 4986 quae
588 4917 718 4973 adnoteni
736 4914 772 4971 ad
788 4914 819 4972 ir.
839 4915 881 4973 12.
937 4965 939 4971 ,
